3204 5048
693 352 737 417 39

614 439 820 459 vaww

208 555 280 647 Ubi·
299 573 371 620 cum
393 573 498 621 omnes
524 555 712 637 interpretes
738 556 942 637 neglegerent
969 555 1124 622 rationem
1151 555 1311 639 apertissi-

118 685 219 748 mam,
249 685 287 731 ax
308 685 371 749 qua
392 667 488 733 verba
510 667 726 749 coniungenda
748 672 862 748 essent,
890 666 1011 732 iactum
1032 672 1080 733 est
1106 671 1143 731 nt
1163 668 1310 733 universa

116 778 281 843 sententia
304 778 552 845 conturbaretur.

207 888 290 953 Nam
311 892 413 972 μέγας
433 888 604 979 παμμάχῳ
625 887 751 973 θράσει
770 887 882 976 βρύων
909 893 1041 970 apparet
1066 906 1129 953 non
1156 888 1311 953 modoad

117 998 294 1087 πάροιθεν
307 997 357 1086 ἢν,
382 1021 491 1066 verum
506 1020 568 1066 non
582 1002 685 1066 minus
707 1002 747 1066 ad
763 997 866 1065 ἔπειτ’
882 999 946 1087 ἔφυ
968 999 1133 1081 pertinere.
1169 999 1311 1082 Iuppiter

118 1112 206 1176 enim
228 1112 400 1194 prostravit
423 1107 564 1193 'l'ltanaa
588 1130 720 1194 quorum
743 1131 782 1177 ne
804 1112 922 1177 mentio
944 1111 1070 1192 quidem
1091 1116 1201 1193 postea
1221 1110 1258 1175 fit
1280 1117 1312 1177 ct

117 1223 264 1305 potentia
286 1224 386 1288 omnis
408 1223 534 1289 sublata
555 1229 613 1304 est,
636 1228 668 1290 et
690 1222 852 1307 superabit
867 1222 1010 1305 luppiter
1032 1222 1183 1304 quemvis,
1206 1221 1312 1304 quise

117 1335 264 1415 potentia
285 1334 467 1417 viribusque
488 1335 554 1400 suis
575 1335 714 1402 iactabit.

563 1569 868 1579 *μ

209 1724 288 1791 Cum
311 1725 410 1808 igitur
430 1726 524 1793 finem
546 1725 660 1792 faciam
682 1746 766 1794 nunc
787 1726 1026 1806 commentandi,
1048 1731 1156 1808 restat,
1180 1730 1217 1791 ut
1238 1745 1310 1808 gra-

119 1837 199 1899 tiam
220 1835 354 1902 referam
369 1837 503 1904 Ernesto
519 1838 558 1903 de
572 1839 708 1905 Leutsch
730 1857 827 1921 quam
849 1839 1027 1919 maximam,
1050 1838 1104 1920 qui
1126 1857 1176 1903 me
1198 1838 1311 1903 libera-

123 1947 198 2012 liter
219 1948 346 2013 consilio
369 1966 425 2014 suo
446 1949 577 2015 adiuvit.

207 2057 358 2135 Quamvis
379 2079 496 2142 parvae
517 2061 580 2125 sint
607 2079 658 2125 res
688 2080 707 2124 c
729 2080 780 2126 me
808 2066 973 2140 tractatae,
1000 2063 1108 2123 tamen
1134 2057 1310 2140 paullulum

120 2168 248 2234 idoneas
275 2167 342 2234 fore
369 2189 461 2252 spero
487 2171 529 2236 ad
556 2171 800 2253 intellegendum
827 2171 1015 2254 Aeschylum
1042 2175 1083 2249 et,
1110 2187 1150 2233 ne
1172 2173 1310 2233 contem·

121 2284 247 2360 nentur,
269 2300 387 2363 precor.
432 2282 546 2347 Postea
572 2301 656 2364 vero,
685 2284 712 2348 si
733 2284 849 2364 licebit,
871 2283 989 2350 maiore
1011 2301 1081 2348 cum
1102 2280 1310 2347 emolumento

121 2389 162 2454 ad
184 2390 373 2474 Aeschylum
394 2395 496 2460 redire
518 2393 552 2458 in
574 2395 679 2460 animo
701 2401 757 2462 est.

425 4289 578 4354 “vimulum
593 4335 619 4343 -
632 4314 703 4363 'rypir
717 4290 995 4354 affirmo-enlin·-
