3204 5048
886 343 928 407 28

803 425 1009 442 ‘XMJVVNAAA

396 544 523 610 Etenim
553 543 715 612 Casandro
740 547 780 613 de
808 549 919 631 priscis
950 548 1074 614 aedium
1102 547 1232 644 flagitiis
1259 550 1364 616 locuta
1395 553 1444 614 est
1470 554 1502 613 et

311 657 400 730 Atrei
427 657 621 739 crudelitate,
651 664 779 741 propter
808 678 904 740 quarn
932 661 1127 742 Agamemno
1156 679 1271 743 poenas
1300 661 1434 726 daturus
1462 661 1500 726 sit

311 768 472 851 Aegistho.
517 767 602 846 Quas
631 788 748 852 poenas
777 771 841 836 iam
863 777 968 837 monte
991 772 1154 854 praevidet
1175 773 1397 854 interitumque
1419 772 1502 854 Aga-

310 879 484 946 memnonis
506 885 538 945 et
560 899 666 946 nerem
689 883 771 964 regis
793 883 890 965 luget.

396 990 538 1069 Quanam
560 992 658 1075 igitur
675 995 798 1059 ratione
819 1013 864 1060 vs.
891 997 973 1059 1226
996 994 1037 1059 ad
1060 999 1165 1060 cetera
1187 1001 1280 1078 aptus
1303 995 1374 1062 est?
1417 995 1500 1060 Num

311 1107 553 1168 consentaneum
576 1109 633 1185 est,
655 1105 797 1171 hocloco
812 1104 1006 1172 Casandram
1029 1105 1134 1171 dolere
1156 1107 1253 1171 etiam
1275 1106 1313 1186 de
1329 1107 1501 1172 servitute?

311 1214 422 1280 Nonne
444 1214 482 1279 de
505 1214 638 1280 miseriis
661 1215 856 1297 Atridarum,
883 1234 962 1299 quas
991 1216 1043 1282 hic
1066 1235 1187 1282 summo
1210 1216 1317 1282 dolore
1340 1217 1502 1283 Casandro

312 1327 469 1407 describit,
492 1327 672 1392 detrahitur
693 1327 821 1410 aliquid,
851 1328 879 1394 si
901 1331 1064 1410 praeterea
1086 1328 1134 1394 sui
1164 1328 1279 1394 doloris
1302 1329 1502 1395 meminerit?

312 1437 423 1503 Nonne
451 1438 532 1503 duae
559 1455 610 1503 res
638 1439 815 1520 miscentur,
850 1457 984 1522 quarum
1012 1445 1125 1504 neutra
1154 1441 1231 1506 satis
1259 1439 1395 1506 dilucide
1424 1460 1502 1508 corn

312 1549 527 1615 memoratur?
1113 1581 1124 1630 p

399 1661 512 1743 Itaque
541 1679 587 1726 vs.
614 1663 695 1727 1226
725 1661 765 1726 ab
794 1661 910 1743 aliquo,
945 1663 1001 1744 qui
1030 1663 1096 1728 sive
1126 1666 1215 1746 οἴμοι
1244 1682 1305 1728 non
1336 1663 1500 1744 intellexit,

312 1773 377 1840 sive
397 1772 636 1854 Agamemnona
656 1791 675 1836 a
698 1771 861 1839 Casandra
882 1774 1042 1839 dominum
1064 1775 1169 1840 vocari
1192 1775 1321 1856 nequire
1343 1775 1500 1855 iudicavit,

311 1885 373 1950 nisi
394 1902 506 1949 novam
530 1883 713 1948 servitutem
735 1884 905 1966 designans
927 1903 1020 1950 suum
1034 1886 1193 1951 dominum
1216 1904 1284 1950 esse
1305 1887 1501 1968 expresserit,

311 1995 536 2079 interpolatum
557 1995 707 2062 existimo.

397 2107 446 2172 De
467 2106 664 2188 interpolatis
686 2105 770 2173 enim
792 2107 934 2174 versibus
954 2108 1082 2174 minime
1103 2109 1265 2174 consentio
1287 2128 1358 2174 eum
1373 2109 1500 2190 Keckio,

246 2287 249 2294 ,
312 2219 367 2302 qui
396 2219 532 2302 plurima
562 2237 630 2284 osse
658 2219 857 2300 glossemata,
890 2220 1012 2286 nullam
1048 2219 1323 2303 interpolationem
1354 2218 1500 2299 affirmat,

313 2348 376 2413 qua
395 2330 436 2395 de
458 2348 493 2395 re
521 2330 555 2394 in
577 2329 646 2411 eph.
671 2330 719 2396 lit.
743 2331 824 2398 cath.
853 2351 881 2396 a.
908 2334 990 2396 1864
1021 2337 1117 2414 atque
1144 2331 1185 2397 ab
1208 2331 1333 2413 Engero
1361 2332 1395 2395 in
1423 2351 1499 2396 mus.

313 2441 400 2508 rhen.
423 2459 454 2505 n.
478 2459 503 2508 s,
526 2446 611 2508 recte
632 2439 789 2506 refutatus
811 2447 867 2507 est.

398 2553 467 2618 Iam
490 2571 572 2632 vero,
594 2556 630 2617 ut
652 2553 693 2617 ad
715 2553 840 2635 singula
862 2553 957 2619 verba
979 2559 1182 2620 transeamus·
1200 2553 1299 2618 nostri
1320 2554 1391 2636 loci,
1423 2572 1500 2637 quae

313 2663 492 2730 Wunderus
521 2663 560 2729 de
589 2661 684 2729 verbo
709 2665 968 2747 νυκτίπλαγκτος
997 2666 1189 2746 diiudicarit,
1225 2664 1426 2731 vehementer
1453 2666 1515 2730 de·¹

313 2795 490 2858 negamus„
512 2775 604 2857 Nam,
628 2775 655 2842 si
669 2777 930 2859 νυκτίπλαγκτος
943 2777 1025 2843 idern
1041 2777 1241 2860 significaret,
1264 2777 1347 2859 quod
1363 2775 1499 2852 νύκτας,

313 2886 475 2974 νυκτερός,
501 2886 619 2970 νύχιος,
647 2887 746 2954 lectus
769 2888 892 2971 aliquis,
920 2890 975 2972 qui
997 2896 1092 2956 noctu
1114 2894 1283 2972 occupatur
1306 2888 1499 2969 insedibus,

313 3000 432 3081 pariter
452 3001 709 3082 νυκτίπλαγκτος
730 3000 834 3065 vocari
855 3002 981 3081 potest?

399 3110 491 3192 Nam,
526 3111 554 3176 si
582 3111 614 3175 id
641 3117 762 3176 rectum
792 3116 883 3190 esset,
913 3112 1055 3192 'quonam
1082 3117 1175 3194 pacto
1210 3111 1365 3176 adiectiva
1394 3112 1499 3176 νυκτί-

312 3224 478 3304 πλαγκτος
505 3227 537 3288 et
568 3221 723 3307 ἔνδροσος
749 3222 809 3289 hoc
835 3223 903 3288 loco
932 3223 1015 3288 inter
1036 3239 1070 3287 se
1098 3223 1245 3304 coniungi
1275 3227 1307 3288 et
1329 3241 1386 3305 per
1407 3221 1502 3304 parti·

314 3336 417 3401 culam
448 3337 484 3400 τί
517 3334 657 3416 copulari
689 3335 844 3416 possunt?
900 3334 935 3400 Si
967 3335 1050 3400 enim
1081 3335 1141 3400 hae
1174 3334 1236 3399 duo
1265 3334 1407 3399 notiones
1442 3352 1500 3398 non

314 3445 543 3529 quodammodo
573 3464 666 3512 sensu
695 3446 778 3511 inter
806 3465 840 3512 se
865 3429 981 3512 similes
1007 3451 1082 3510 sunt
1109 3464 1210 3528 neque
1235 3446 1334 3511 lectus
1364 3445 1408 3510 ob
1435 3462 1502 3510 eam

314 3576 442 3624 causam
476 3556 634 3644 ἔνδροσος
665 3561 805 3638 vocatur,
840 3558 923 3641 quod
953 3557 1214 3640 rescindamus
1248 3561 1305 3638 est,
1339 3554 1440 3622 futilis
1473 3560 1502 3620 et

315 3689 396 3736 vana
428 3669 645 3752 exprobranda
676 3673 724 3734 est
757 3669 940 3751 loquacitas.
992 3669 1082 3748 Quod
1115 3674 1287 3734 nocturnus
1316 3672 1374 3749 est,
1406 3668 1502 3733 lectus

314 3780 453 3864 prolecto
475 3781 598 3846 nullum
619 3780 716 3845 habet
737 3780 908 3846 horrorem.

400 3892 516 3959 Verum
546 3890 643 3957 habet
675 3910 831 3956 summum
848 3893 1024 3958 horrorem
1055 3891 1165 3972 lectus,
1198 3889 1282 3973 quod
1307 3894 1413 3972 noctu,
1444 3908 1503 3973 quo

315 4009 455 4087 tempore
477 4003 620 4085 quisquis
641 4003 781 4086 quietam
804 4005 913 4069 domus
936 4002 1071 4086 tutelam
1097 4002 1227 4085 appetit,
1255 4001 1365 4083 procul
1393 4019 1413 4066 a
1435 4001 1504 4066 dor-

316 4116 440 4182 mitorio
461 4116 553 4197 quasi
574 4119 661 4180 errat
682 4119 715 4180 et
737 4120 881 4198 vagatur.
920 4113 1189 4194 Quemadmodum
1204 4131 1311 4180 omnes
1327 4131 1376 4178 res
1398 4115 1504 4178 νυκτί-

316 4227 479 4310 πλαγκτοτ
506 4227 653 4292 dicuntur
681 4225 722 4293 ab
749 4227 912 4311 Aeschylo,
947 4245 1028 4310 quae
1058 4225 1182 4291 silentio
1208 4230 1240 4292 et
1272 4225 1377 4308 quiete
1405 4224 1503 4290 noctis

316 4345 433 4406 carent.
1305 4351 1307 4360 ·
