3204 5048
606 367 811 470 ΜΝΞΞΜ

115 572 296 653 afflictatur,
317 572 532 638 tristissimam
554 573 665 638 molem
689 589 785 654 quam
806 567 967 636 verissime
981 569 1131 652 depingit,
1155 569 1208 651 qui
1224 569 1318 634 inter·

115 686 214 750 noctis
237 687 457 766 tempestatem
486 703 521 751 se
550 683 677 748 abdicat
704 701 812 748 somno
839 686 880 762 et,
910 699 972 764 quo
999 671 1128 746 facilius
1151 681 1305 746 sustineat

114 797 275 878 negotium
302 795 494 877 speculandi,
523 813 556 861 se
582 795 712 860 canticis
741 793 894 874 sublevat,
926 794 1059 875 denique
1085 793 1215 858 canticis
1241 793 1305 858 lae·

114 908 245 974 tissimis
278 908 508 989 aegritudinem
542 907 640 972 animi
671 907 858 986 dissimulat,
892 922 955 987 qua
990 909 1122 970 vexatur
1153 909 1305 987 tanquam

115 1037 222 1085 servus
244 1017 345 1085 tidelis
367 1019 407 1084 ob
428 1017 667 1102 turpitudinem,
691 1036 774 1101 quae
796 1018 923 1083 domum
945 1017 1079 1082 evertit?

200 1131 261 1195 Illa
288 1149 362 1196 vero
389 1132 512 1196 cantica
540 1130 755 1196 excubitorum
781 1130 879 1195 etiam
900 1127 1127 1211 Aristophanes
1153 1131 1306 1192 memorat

115 1241 148 1306 in
170 1241 309 1308 Nubium
331 1259 376 1309 vs.
401 1245 460 1306 721
486 1242 548 1326 (ed.
570 1242 733 1326 itachius),
757 1241 820 1324 qui,
844 1259 913 1305 cum
937 1237 1085 1328 φρουρὰς
1107 1237 1201 1321 ᾄδειν
1222 1238 1305 1303 idem

114 1353 199 1435 apud
231 1371 304 1419 eum
336 1353 430 1433 dicat,
464 1355 547 1435 quod
580 1350 775 1440 a'yponuetv,
808 1351 893 1417 haud
926 1352 990 1417 scio
1022 1370 1063 1416 an
1094 1351 1305 1417 excubitorem

115 1464 261 1548 Aeschyli
283 1465 412 1548 eiusque
433 1466 591 1531 molestias
613 1467 646 1529 in
669 1465 774 1530 animo
795 1464 951 1529 habuerit.

202 1577 356 1642 Addimus
377 1583 493 1657 autem,
521 1577 608 1641 aliud
630 1595 753 1658 quoque
774 1575 914 1655 verbum,
937 1576 1020 1657 quod
1042 1592 1168 1639 sensum
1190 1573 1306 1639 habeat

115 1688 258 1768 canendi,
290 1705 352 1753 non
385 1688 479 1769 plane
509 1688 737 1769 denegandum,
769 1687 824 1752 sed
856 1686 959 1769 ipsam
992 1703 1099 1751 vocem
1133 1683 1204 1768 ᾄδω
1236 1686 1307 1750 aliis

6 1781 7 1808 ¹
114 1798 354 1882 praeferendam
375 1817 452 1880 esse,
475 1799 559 1880 quia,
582 1803 618 1863 ut
640 1817 738 1864 nexus
759 1815 865 1863 rerum
887 1799 988 1880 magis
1009 1797 1193 1879 conspicuus
1214 1801 1305 1878 esset,

114 1909 304 1994 Aeschylum
318 1912 432 1977 iterum
447 1912 556 1977 eodem
571 1910 666 1976 verbo
680 1928 772 1975 usum
788 1928 856 1976 esse
876 1909 1043 1974 admodum
1062 1909 1232 1975 verisimile
1247 1915 1306 1974 est.

201 2021 239 2086 G.
263 2022 439 2087 Hermanni
462 2024 560 2104 igitur
582 2028 614 2088 et
636 2022 864 2088 Schneidewini
885 2029 918 2086 τὶ
940 2021 1005 2107 μήν
1011 2047 1022 2106 ,·
1044 2040 1126 2102 quae
1147 2039 1204 2104 pro
1227 2019 1308 2108 ἐμήν

116 2132 338 2211 submiserunt,
362 2149 553 2214 quamquam
575 2150 637 2196 non
659 2132 788 2197 liberius
810 2133 987 2214 excogitata
1008 2138 1081 2198 sunt
1104 2138 1136 2198 et
1157 2133 1307 2199 facillima

116 2248 166 2308 est
187 2242 375 2324 emendatio,
406 2249 513 2310 tamen
537 2262 608 2309 oum
630 2261 754 2308 omnem
780 2244 931 2310 orationis
956 2243 1198 2325 distinctionem,
1226 2262 1307 2327 quae

111 2341 224 2420 'nostra
253 2355 400 2437 opinione
428 2360 562 2437 constat,
596 2373 658 2421 non
693 2356 883 2438 contineant,
916 2356 1099 2440 expellenda
1127 2373 1195 2423 esse
1224 2357 1307 2422 arbi·

40 2511 45 2516 -
115 2471 191 2533 tror.

201 2578 309 2659 Porro,
344 2597 424 2661 quae
459 2580 639 2663 nuperrime
674 2598 694 2645 a
730 2579 868 2645 Maehlio
903 2577 956 2664 (cf.
990 2597 1080 2645 novv.
1114 2599 1187 2647 ann.
1219 2580 1305 2663 phill.

115 2694 190 2756 tom.
211 2689 306 2773 XCV,
329 2709 382 2773 pg.
399 2693 475 2775 426)
498 2697 531 2756 ε1
551 2692 584 2756 in
607 2691 676 2772 eph.
700 2691 748 2756 lit.
771 2691 855 2756 cath.
878 2709 906 2755 a.
933 2693 1016 2755 1864
1040 2691 1202 2774 disputata
1222 2696 1307 2773 sunt,

114 2801 192 2866 mihi
214 2801 335 2866 nullam
356 2803 424 2867 veri
445 2802 682 2867 similitudinem
703 2801 821 2866 habere
842 2801 998 2866 videntur.

200 2913 303 2978 Valde
317 2917 424 2978 autem
438 2913 573 2978 miratus
588 2931 667 2992 sum,
689 2912 773 2995 quod
794 2912 835 2976 ab
849 2912 976 2994 Engero
999 2914 1095 2979 etiam
1118 2915 1150 2979 in
1171 2914 1307 2981 editione

115 3024 268 3089 Klauseni
290 3024 405 3089 codicis
427 3024 583 3107 scriptura
605 3025 749 3090 omnibus
770 3023 914 3107 partibus
936 3025 1100 3092 retinetur.

200 3135 287 3217 Ergo
315 3133 397 3221 ἐμήν
421 3155 478 3218 per
505 3136 583 3201 illud
610 3134 717 3223 εὐνήν,
747 3135 831 3218 quod
860 3137 1026 3219 antecedit,
1057 3139 1089 3203 in
1116 3141 1237 3202 textum
1265 3138 1307 3202 ir·

8 3213 9 3260 1
114 3247 248 3329 repsisse
270 3247 404 3312 videtur.
448 3247 646 3330 Quamquam
667 3247 816 3313 mendum
838 3247 972 3314 fortasse
993 3249 1066 3314 inde
1087 3253 1229 3314 exortum
1248 3255 1306 3330 est,

8 3359 9 3422 ζ
115 3359 198 3440 quod
219 3376 318 3422 unum
339 3357 470 3422 verbum
493 3357 601 3423 deerat
630 3358 663 3440 ip
685 3363 773 3423 textu
795 3363 828 3423 et
849 3359 965 3424 lacuna
986 3358 1133 3424 facillime
1159 3377 1216 3441 per
1237 3379 1308 3443 pro

8 3507 9 3534 r
114 3487 229 3534 nornen
257 3469 420 3551 personale
450 3468 622 3534 alibrario
649 3469 842 3552 explebatur.
889 3469 991 3548 Quam
1016 3489 1082 3536 rem
1109 3473 1218 3536 statim
1245 3472 1308 3538 alio

115 3581 256 3664 exemplo
270 3581 418 3663 probabo.
455 3579 580 3646 Scilicet
595 3580 839 3662 Agamemnonis
859 3601 903 3646 vs.
923 3584 1005 3646 1226
1028 3583 1169 3663 spurium
1192 3583 1306 3665 iudico,

114 3711 209 3774 quem
230 3692 294 3757 iam
316 3693 447 3774 pridem,
471 3710 542 3757 cum
558 3692 795 3773 Agamemnona
815 3693 962 3774 legerem,
984 3691 1052 3759 loco
1067 3712 1130 3759 non
1151 3693 1306 3775 quadrare

114 3803 265 3869 intellexi.
309 3803 361 3886 Et,
390 3822 452 3886 quo
473 3805 576 3887 magis
597 3804 702 3870 omnia
723 3810 959 3886 cognoscantur,
989 3824 1069 3871 vers.
1095 3807 1306 3869 1223-1226

9 3937 10 3952 ’
114 3913 228 3981 allero:

272 4025 309 4090 ἐκ
329 4025 435 4093 τῶνδε
457 4026 579 4104 ποινάς
601 4051 684 4116 φημι
705 4026 877 4114 βουλεύειν
897 4051 974 4094 τινα

271 4135 377 4204 λέοντ’
398 4137 540 4205 ἄναλκιν
562 4138 599 4206 ἐν
620 4140 707 4222 λέχει
731 4138 977 4226 στρωφώμενον

269 4249 432 4336 οἰκουρὸν,
455 4255 561 4338 οἴμοι,
579 4253 627 4342 τῷ
647 4249 783 4336 μολόντε
804 4249 962 4346 δεσποτῇ.

269 4359 368 4452 [ἐμεῖ’
391 4364 507 4448 φέρειν
527 4363 589 4451 γὰρ
612 4363 671 4452 χρὴ
693 4361 731 4431 τό
754 4362 889 4431 δούλιον
910 4362 1034 4452 seiros}
