3204 5048
778 340 984 444 „sem

402 526 412 538 “
440 542 539 632 εὐνὴν
559 543 698 634 ὀνείροις
719 541 780 610 oda
802 545 1091 631 ἐπισκοπουμένην

442 657 536 744 ἐμὴν·
561 656 666 746 φόβος
687 656 749 742 γὰρ
772 653 854 724 ἄνθ’
876 657 984 724 ὕπνου
1008 670 1228 744 παραστατεῖ,

440 768 479 834 τὸ
500 768 543 856 μὴ
565 774 710 853 βεβαίως
729 768 883 856 βλέφαρα
906 768 1088 853 συμβαλεῖν
1109 768 1205 857 ὕπνῳ
1228 807 1266 816 -

441 876 577 945 ὅτανδ’
599 877 726 947 ἀείδειν
745 879 764 966 ἢ
786 879 989 968 μινύρεσθαι
1011 880 1108 964 δοκεῖ,

439 992 542 1057 κλαίοι
565 987 632 1056 τότ’
655 995 747 1056 οἴκου
769 991 868 1057 τοῦδε
892 991 1069 1079 συμφορὰν
1091 996 1226 1073 στένων,

439 1100 499 1186 οὐχ
521 1100 565 1179 οἷς
586 1103 628 1168 τὰ
650 1127 677 1168 π
698 1099 780 1168 ὅσθ’
803 1101 924 1190 ἄριστα
948 1103 1226 1187 διαπονουμένου.

369 1214 458 1293 Quod
480 1127 822 1281 enuntiatumenullum
851 1233 919 1280 csse
941 1220 982 1294 et,
1011 1215 1038 1280 si
1066 1215 1170 1280 omnia
1198 1217 1412 1296 agnoscuntur
1441 1220 1475 1280 et

283 1328 464 1408 probantur,
488 1346 544 1409 pro
562 1325 758 1406 anacolutho,
780 1326 864 1407 quod
879 1325 1019 1407 dicimus,
1033 1325 1209 1392 ducendum
1225 1343 1293 1390 esse
1311 1326 1472 1392 sentimus.

283 1437 365 1503 Sane
386 1455 436 1503 res
459 1438 673 1518 ingratissima
696 1456 764 1504 esse
786 1437 920 1518 videtur,
942 1437 1025 1518 quod
1047 1437 1139 1504 initio
1161 1436 1344 1518 tragoediae
1366 1437 1419 1503 lex
1440 1443 1473 1504 et

282 1549 357 1616 ordo
380 1567 503 1615 summa
525 1550 655 1615 levitate
677 1543 897 1632 neglegumtur,
921 1568 1004 1632 quae
1024 1553 1132 1615 tamen
1146 1549 1285 1615 nondum
1306 1553 1394 1614 motu
1417 1549 1473 1615 ali-

281 1680 343 1743 quo
372 1661 503 1727 actionis
537 1666 712 1727 excusatur.
762 1661 869 1744 Atqud,
900 1679 972 1727 cum
1005 1659 1223 1726 difficultatem
1253 1679 1378 1726 omnem
1410 1681 1474 1728 uno

280 1773 375 1838 verbo
399 1771 481 1857 ἐμήν
501 1775 666 1839 emendato
688 1775 798 1840 statim
819 1778 974 1840 remotam
996 1789 1064 1837 esse
1084 1771 1214 1854 liqueat,
1237 1772 1362 1840 naviter
1376 1774 1474 1839 medi·

280 1889 384 1949 tamur
406 1889 537 1967 oportet,
560 1903 624 1966 qua
646 1886 770 1956 ratione
790 1885 895 1950 labem
916 1883 1160 1964 exstinguamus
1206 1884 1249 1948 Et
1271 1885 1340 1951 iure
1361 1884 1471 1951 haere-

280 2014 350 2060 mus
372 1996 406 2060 in
428 1995 522 2060 verbo
545 1995 638 2083 ἐμήν,
667 1996 752 2078 quod
777 2013 840 2061 non
862 1995 954 2061 modo
976 2012 1048 2060 eum
1070 1995 1173 2060 locum
1196 1997 1348 2061 enuntiat'
1373 2001 1470 2077 tenet,

279 2107 312 2171 in
334 2124 395 2189 quo
417 2107 547 2173 verbum
568 2107 693 2188 finitum
715 2112 923 2190 exspectetur,
952 2125 1061 2172 verum
1083 2107 1179 2172 etiam
1201 2125 1257 2190 per
1279 2126 1313 2172 sc
1335 2108 1472 2176 inaniter

280 2219 416 2299 positum
440 2224 488 2284 est
510 2225 543 2285 et
565 2220 690 2285 omnino
712 2220 790 2286 nihil
812 2221 898 2285 dicit.
929 2219 1097 2284 Praeterea
1120 2211 1227 2305 εὐνήν,
1251 2237 1347 2300 aquo
1362 2237 1473 2286 versus
1600 2205 1601 2214 ¹

278 2331 467 2396 antecedens
501 2330 620 2413 incipit,
653 2333 769 2396 iterum
799 2332 920 2397 librarii
949 2331 1148 2412 neglegentia
1180 2331 1213 2395 in
1243 2331 1344 2413 primo
1375 2331 1469 2396 huius
1600 2415 1601 2432 ρ

278 2459 386 2506 versus
399 2441 465 2506 loco
479 2441 630 2523 scriptum
644 2461 681 2508 ac
693 2445 802 2524 postea
816 2443 849 2506 in
864 2444 945 2530 ἐμήν
957 2449 1114 2509 mutatum
1127 2460 1195 2508 esse
1211 2441 1365 2523 suspicari
1383 2442 1466 2508 licet.

364 2553 477 2633 Itaque
499 2553 686 2635 interpretes
708 2572 835 2636 operam
861 2557 1030 2637 navabant,
1057 2560 1093 2635 ut
1121 2555 1175 2619 illo
1204 2553 1299 2618 verbo
1329 2559 1468 2620 correcto

277 2663 379 2730 locum
408 2664 612 2731 restituerent
640 2666 798 2748 variisque
831 2667 930 2732 modis
962 2667 1148 2733 vocabulum
1177 2664 1259 2751 ἐμήν
1285 2665 1336 2729 vel
1363 2685 1469 2732 emen·

277 2776 432 2842 davemnt
454 2778 503 2842 vel
525 2779 721 2858 expulerunt.
766 2779 862 2844 Velut
889 2778 1022 2844 Weilius
1053 2779 1128 2863 ἐμοί
1158 2776 1323 2842 substituit
1350 2782 1384 2843 et
1410 2795 1468 2860 pro

277 2889 340 2973 ἔχει
363 2889 397 2953 in
419 2907 462 2954 vs.
483 2892 522 2952 12
546 2889 630 2971 ἔχων
652 2890 714 2972 legi
736 2892 814 2971 vult,
837 2891 951 2972 quibus
974 2889 1160 2956 coniecturis
1184 2888 1218 2953 id
1238 2887 1344 2969 efficit,
1367 2894 1404 2953 ut
1426 2888 1468 2953 ab

277 3001 350 3087 ἐμοὶ
373 2999 478 3088 φόβος
500 3000 562 3088 γάρ
585 3021 630 3084 sq.
650 3040 688 3052 -
705 3019 803 3084 usque
819 3002 860 3067 ad
875 3011 1090 3087 aspectaret
1101 2999 1190 3066 uncis
1206 2998 1304 3064 verba
1319 3018 1339 3062 a
1353 3001 1467 3066 ceteris

275 3112 503 3192 discernantur,
526 3131 608 3193 quae
629 3131 686 3194 per
709 3113 791 3179 dccv
813 3117 844 3178 et
867 3109 934 3178 εὖτ’
957 3110 1000 3178 ἄν
1022 3112 1188 3193 dupliciter
1208 3111 1407 3178 inchoantur.

360 3223 522 3305 Quisnam,
555 3242 674 3306 precor,
709 3243 773 3290 non
799 3224 958 3290 recusabit
984 3222 1181 3302 medicinam,
1217 3240 1308 3303 quae,
1341 3222 1467 3289 etiamsi

274 3354 337 3400 uon
366 3335 468 3417 parcit
495 3336 634 3402 traditae
660 3337 795 3418 lectioni,
832 3337 887 3402 illa
921 3335 1049 3402 minime
1076 3333 1212 3417 expellit,
1244 3351 1325 3414 quae
1352 3335 1467 3416 expelli

273 3446 409 3512 debent?
458 3447 626 3513 Enimvero
655 3449 841 3530 cautionem,
870 3466 933 3529 qua
962 3447 1021 3515 hoc
1050 3448 1117 3514 loco
1145 3445 1279 3511 Weilius
1309 3445 1466 3512 lenissime

273 3557 388 3623 codicis
415 3558 603 3640 scripturam
632 3560 826 3641 aggreditur,
856 3559 935 3625 nihil
962 3560 1003 3625 ab
1033 3558 1167 3624 audacia
1196 3557 1353 3622 diversam
1382 3557 1467 3623 arbi-

272 3674 405 3750 tramur,
444 3670 699 3752 quandoquidem
735 3672 768 3737 in
800 3673 896 3738 nullis
929 3671 1027 3740 firmis
1060 3667 1255 3751 argumentis
1288 3667 1402 3733 nititur
1434 3673 1466 3734 et

272 3799 399 3864 prorsus
422 3786 543 3847 textum
566 3782 723 3865 immutat,
747 3784 892 3866 quamvis
914 3783 1075 3849 modestus
1097 3780 1192 3846 sitin
1214 3779 1318 3845 verbis
1341 3783 1466 3845 mutau-

271 3893 328 3958 dis.
364 3893 463 3958 Immo
485 3912 558 3959 vero
580 3913 676 3960 manu
698 3899 837 3977 strenua,
860 3913 941 3978 quae
963 3894 1055 3960 certis
1077 3891 1275 3974 argumentis
1297 3889 1376 3956 bene
1398 3910 1465 3958 sese

272 4005 429 4087 instruxit,
454 4005 505 4071 vel
527 4006 647 4072 maiora
669 4010 794 4072 tentare
815 4025 855 4073 ne
876 4024 932 4072 nos
954 4005 1070 4089 pigeat,
1094 4002 1261 4070 dummodo
1282 4003 1465 4086 perspicuas

278 4134 387 4182 eorum
408 4134 521 4182 causas
542 4117 787 4200 suppeditemus,
810 4137 891 4201 quae
914 4119 1078 4185 ostendere
1099 4131 1258 4180 conamur.

361 4226 428 4294 Nec
449 4247 524 4294 vero
545 4230 649 4310 miuus
671 4230 847 4312 spernenda
869 4235 917 4297 est
936 4230 1039 4296 chki
1060 4225 1210 4307 recensio,
1233 4225 1287 4308 qui
1302 4230 1465 4308 peccatum

275 4340 430 4423 imprimis
465 4338 498 4405 in
530 4335 599 4408 εὖτ’
625 4339 670 4408 ἄν
701 4342 801 4408 latere
826 4341 954 4424 iudicat,
984 4331 1130 4424 proquo
1158 4339 1227 4406 sinc
1258 4338 1342 4404 iusta
1369 4356 1466 4405 causa
