3204 5048
726 337 745 399 'l

629 419 835 434 ΝΛΝνΚΛΛΛΜ

138 559 204 622 quo
227 543 366 607 tractata
388 539 562 621 complures
583 539 663 605 alios
678 539 824 622 Aeschyli
839 540 922 604 locos
936 537 1112 620 aggrediar.
1145 537 1188 602 Et
1202 538 1327 620 curabo,

135 658 174 717 ut
195 671 320 734 semper
341 650 487 716 universa
508 651 675 730 mutantia,
698 669 779 732 quae
801 650 934 731 siugulis
955 648 1049 714 rebus
1070 650 1256 730 continetur,
1286 651 1327 716 ad

135 763 278 844 singulas
308 781 359 828 res
386 762 590 828 illustrandas
621 762 654 827 in
680 762 940 843 interpretatione
967 760 1131 841 redundet,
1159 761 1242 844 quia,
1265 761 1328 826 uisi

135 876 285 941 continua
307 873 404 940 series
425 893 530 940 rerum
551 873 703 940 memorie
722 877 859 955 tenetur,
881 872 1084 941 metuendum
1099 878 1158 952 est,
1178 892 1218 940 ue
1231 891 1328 956 quae

137 1003 201 1068 que
222 1004 274 1051 res
295 985 455 1051 incassum
476 985 579 1052 abeat.

223 1095 328 1178 Atque
356 1095 521 1162 comestim
550 1095 766 1176 testificamur,
797 1096 887 1161 nobis
915 1095 1160 1177 haudquaquam
1188 1096 1327 1162 cumeis

136 1208 313 1287 convenire,
342 1208 397 1289 qui
423 1207 633 1273 excubitorem
669 1209 765 1273 istum
794 1208 915 1290 agresti
944 1206 1080 1289 quodam
1109 1225 1251 1272 sermone
1280 1206 1328 1271 uti

137 1317 299 1384 affirmant
320 1323 417 1400 etque
431 1319 620 1402 Aeschylum
641 1319 783 1386 homines
798 1319 838 1384 dc
859 1319 950 1400 plebe
965 1319 997 1384 in
1013 1337 1138 1384 scenam
1161 1319 1327 1400 productos

136 1449 174 1495 eo
200 1448 315 1511 genere
343 1429 491 1511 loquendi
519 1431 667 1511 induisse,
696 1431 779 1512 quod
808 1429 908 1512 plebis
935 1430 1096 1512 proprium
1122 1436 1179 1494 est.
1230 1428 1327 1494 Cuius

137 1542 184 1608 rei
205 1560 246 1606 ne
267 1559 365 1606 unum
386 1541 514 1623 quidem
535 1543 711 1622 exemplum
738 1543 926 1622 interpretes
953 1559 1009 1606 suo
1038 1542 1107 1606 iure
1134 1546 1324 1607 statuerunt.

137 1653 282 1733 Namque
314 1653 422 1716 nutrix
456 1652 719 1734 Ghoitphororum,
761 1653 844 1734 quod
876 1654 1053 1735 exemplum
1087 1651 1233 1732 afferunt,
1266 1670 1327 1718 uon

1 1829 3 1838 ,
137 1765 251 1844 magis,
273 1769 310 1828 ut
332 1762 449 1844 opinor,
472 1781 567 1844 quem
590 1763 692 1829 oratio
713 1764 902 1829 excubitoris
924 1765 957 1828 id
979 1782 1088 1828 verum
1115 1782 1184 1828 esse
1204 1763 1326 1845 probat.

137 1874 255 1940 Verum
283 1874 334 1939 vel
362 1873 552 1938 excubitoris
580 1875 630 1939 vel
663 1876 795 1940 nutricis
828 1875 988 1940 orationes
1022 1874 1204 1956 tragoediae
1230 1873 1328 1938 Athe-

0 2036 1 2059 ,
136 1985 256 2050 niensis
291 2002 466 2050 sermonem
501 2003 616 2065 purum
643 1991 740 2068 atque
769 1986 940 2068 ingenuum
975 1985 1137 2067 praebent,
1175 1991 1208 2050 et
1234 1984 1328 2050 sicuti

139 2096 248 2159 nutrix
269 2095 309 2159 de
330 2101 432 2160 morte
453 2096 576 2160 Orestis
598 2097 813 2162 moestissimis
834 2097 938 2164 verbis
959 2097 1097 2162 dolorem
1118 2094 1260 2176 clirmdit,
1281 2097 1328 2160 ita

1 2255 4 2264 .
137 2211 243 2270 custos
266 2205 390 2272 labores
412 2225 485 2270 suos
506 2207 713 2288 miseriusque
734 2208 896 2274 verissime
918 2208 1069 2290 depingit.
1103 2207 1214 2289 Neque
1230 2207 1329 2288 igitur

137 2317 268 2382 ridendo
283 2334 361 2398 opius
378 2323 437 2397 est,
456 2335 567 2382 verum
580 2319 768 2382 commoveri
781 2319 941 2398 debemus,
961 2325 1112 2400 tanquam
1125 2337 1201 2384 vere
1213 2319 1279 2384 siut
1291 2337 1329 2384 ee

137 2428 278 2508 etdigue
290 2427 606 2509 misericordia,quae
619 2428 792 2494 nobisveru
804 2431 1005 2511 aegritudine
1015 2429 1327 2511 animiproleruntur.

131 2573 136 2581 ·
223 2539 267 2602 At
289 2539 386 2602 aliam
407 2540 562 2606 rationem
584 2540 773 2620 interpretes
801 2542 902 2605 nostri
930 2540 1132 2606 adhibebant.
1177 2541 1223 2606 Ut
1244 2541 1328 2606 euim

0 2705 12 2743 ¹.
136 2650 291 2731 imprimis
304 2649 533 2716 Schneidewini
554 2655 587 2716 et
605 2651 729 2717 Naucki
751 2651 919 2716 editionem
936 2650 1097 2733 Sophoclis
1119 2652 1326 2733 recordemur,

1 2824 13 2836 ,
138 2762 260 2826 nullum
288 2762 379 2826 video
407 2762 552 2826 nundum
587 2762 671 2843 apud
700 2761 883 2842 Sophoclem
914 2763 948 2826 in
979 2780 1106 2828 scenam
1137 2764 1263 2844 prodire
1295 2764 1327 2827 in

5 2936 14 2947 ,
138 2873 249 2954 quavis
271 2879 392 2953 septem
413 2871 657 2953 tragoediarum,
684 2873 761 2954 quin
781 2878 1012 2956 prosequantur
1033 2891 1105 2938 eum
1127 2873 1329 2942 adnotatione

6 3048 15 3059 ,
138 2983 178 3048 de
199 2983 337 3048 stultitia
358 2988 392 3048 et
413 2983 603 3064 garruhtate
624 2984 777 3050 eiusmodi
798 2984 968 3050 homiuum.
1009 2984 1116 3062 Quid?
1138 2985 1250 3050 Nonne
1270 2986 1329 3052 hoc

140 3095 233 3160 modo
254 3094 300 3174 fit,
323 3101 368 3174 ut,
391 3113 473 3177 quae
494 3096 785 3178 praeclarissimae
807 3100 901 3177 poeta
917 3095 1075 3178 descripte
1089 3101 1174 3177 sunt,
1192 3097 1248 3178 qui
1262 3098 1329 3178 ipse

141 3206 371 3286 quodammodo
403 3224 458 3272 ore
484 3207 587 3272 nuntii
620 3207 720 3272 utitur
746 3211 780 3272 et
804 3207 985 3272 narratione
1018 3207 1126 3288 obque
1159 3209 1330 3290 composita

8 3383 18 3394 ,
139 3317 207 3398 ipse
235 3335 287 3381 res
315 3318 486 3399 coniungit,
512 3319 560 3383 eis
587 3317 677 3383 nervi
703 3317 911 3383 detrahantur
939 3317 1122 3398 tragoediae
1148 3323 1181 3383 et
1203 3319 1329 3400 siguum

138 3426 329 3492 humilitatis
350 3429 572 3509 imprimetur?
615 3426 805 3509 Infringitur
832 3447 907 3494 vero
936 3429 1132 3510 praestantia
1158 3433 1271 3510 politae
1292 3448 1330 3495 ao

2 3600 5 3631 Ι
138 3538 265 3618 certius,
295 3555 358 3620 quo
388 3539 559 3606 studiosius
588 3539 637 3604 illi
663 3544 765 3604 artem
793 3540 860 3606 eius
885 3540 1037 3621 indagare
1058 3545 1193 3608 tentem.
1236 3541 1328 3622 Nam,

3 3709 13 3743 Ι,
140 3667 267 3730 quaeso,
290 3650 372 3714 tales
394 3650 561 3730 orationes,
584 3651 687 3732 qualis
710 3651 743 3714 in
765 3651 868 3715 Persis
890 3655 939 3716 est
961 3652 1017 3716 ille
1043 3651 1196 3734 proelium
1218 3653 1329 3718 navale

140 3759 319 3826 describens
341 3763 450 3828 mustici
471 3762 624 3828 sermonis
645 3762 772 3843 aliquod
794 3763 969 3844 exemplum
998 3760 1139 3828 habeut?
1166 3781 1208 3827 an
1234 3782 1330 3845 quam

1 3933 5 3964 ,
138 3871 324 3952 gravissime
352 3877 385 3938 et
412 3871 723 3954 magnificentissime
754 3874 887 3939 victorie
920 3865 1112 3941 Graecorum
1146 3873 1330 3956 perhibetur

139 3987 173 4048 et
193 3983 287 4064 quusi
307 3984 348 4048 ab
370 3984 439 4066 ipso
460 3988 555 4066 poeta
578 3983 725 4050 laudibus
746 3983 898 4051 effertur?

225 4093 451 4160 Verumtamen
479 4093 647 4162 Teullehus
680 4095 721 4161 ad
750 4097 918 4162 Persarum
945 4115 1070 4164 versum
1099 4100 1159 4162 301
1172 4097 1199 4183 ¹)
1224 4103 1331 4164 notem

12 4275 21 4288 ·
144 4207 478 4318 “litoroso-eschui
507 4247 652 4302 afferemus
679 4261 714 4303 ex
747 4263 873 4304 versuum
901 4248 996 4304 ordine
1024 4247 1159 4316 Diudorfl,
1187 4249 1332 4316 Sophoclis

17 4419 19 4430 Ι
140 4330 345 4402 ΒοΙιιιιίιίοιήιιί,
363 4334 504 4404 Euripidis
521 4335 629 4390 Nancki
647 4333 850 4390 distinctionem
868 4343 1025 4404 requenter.
