3204 5048
592 395 798 494 ΑΜ

260 597 375 664 annis
396 597 593 680 peractis,
615 597 775 664 Troiam
805 602 1071 680 expugnatum
1099 597 1159 663 iri.
1204 597 1295 662 'l'um

260 714 400 775 narrat
421 709 524 776 idem
545 707 747 790 Homerus,
771 709 1036 774 excubitorem
1058 709 1229 792 aliquem
1250 707 1296 772 ab

259 820 454 901 Aegistho
476 840 593 885 unum
614 840 687 904 per
708 839 852 885 annum
875 819 939 904 (εἷς
961 821 1116 888 ἐνιαυτόν
1130 820 1220 886 Hom.
1236 817 1295 883 Od.

260 931 314 998 lV.
331 931 409 1018 526)
431 933 573 997 iussum
596 951 680 998 esse
702 931 908 1015 speculari.
939 933 1110 1014 Denique
1131 949 1295 1010 causam,

261 1042 1295 1125 curilleexcubitorunumannumvigiliashabucrit,

260 1155 415 1220 nullam
436 1156 610 1237 praebet.

193 1263 386 1342 Quibuscum
409 1267 502 1330 rebus
524 1267 637 1332 haecce
658 1268 834 1350 comparari
855 1271 996 1350 oportet:

261 1376 490 1459 Aeschylus
518 1397 676 1460 quoque
705 1398 808 1445 anno
836 1379 1043 1444 undecimo
1064 1377 1211 1443 Troiae
1232 1395 1297 1441 ex·

263 1488 405 1553 cidium
426 1489 607 1555 evenisse
628 1490 958 1573 vultAeschylus
980 1496 1113 1555 tamen
1129 1487 1297 1554 Galchae

261 1600 456 1681 praesagii
473 1600 616 1665 nullam
636 1603 867 1667 mentionem
887 1599 995 1667 iacit.
1024 1600 1175 1666 Deinde
1197 1598 1298 1664 idem

262 1710 486 1792 Aeschylus
514 1711 787 1778 excubitorem
812 1713 994 1794 adhibet,
1022 1713 1088 1794 qui
1116 1710 1232 1791 dicit,
1260 1727 1298 1775 se

260 1822 446 1886 excubias
469 1823 621 1904 egisse,
644 1841 740 1904 quas
762 1823 953 1904 „ia-eia&
976 1823 1164 1906 appellat.

191 1930 343 2008 Quocirca
359 1931 523 1998 informari
537 1952 702 2015 possumus
716 1935 916 2000 evidentius?
938 1935 1055 2012 Quaeri
1071 1938 1205 2016 oportet,
1220 1951 1297 1998 num

108 2042 283 2125 Aeschylus
312 2045 484 2109 Homerum
513 2050 638 2110 secutus
667 2046 709 2110 sit
737 2051 769 2111 et
799 2046 945 2129 Aeschyli
974 2064 1099 2129 quoque
1137 2043 1299 2110 excubitor

106 2153 200 2218 unius
223 2154 300 2218 anni
317 2155 443 2235 vigilias
464 2156 574 2236 egerit,
597 2175 639 2220 an
648 2156 821 2238 Aeschylus
843 2175 880 2222 ea
897 2158 1043 2238 ignorare
1055 2157 1199 2236 voluerit,
1217 2173 1300 2237 quae

105 2265 241 2330 finxerat
276 2266 442 2331 Homerus.
498 2265 587 2342 Quae
620 2285 691 2331 eum
731 2267 875 2348 ignorare
908 2269 1045 2333 voluisse
1077 2285 1175 2348 nego;
1215 2284 1299 2346 nam,

106 2377 232 2442 etiamsi
257 2375 429 2459 Aeschylus
465 2376 499 2440 id
534 2377 700 2460 ignoravit,
731 2397 795 2443 non
825 2378 1051 2460 ignoraverunt
1078 2377 1296 2443 Athenienses.

106 2487 198 2564 Quod
221 2507 295 2552 vero
317 2507 385 2552 rem
406 2505 470 2552 non
492 2488 620 2554 uberius
641 2489 801 2570 patefacit,
823 2491 1027 2571 praecipuum
1056 2495 1105 2554 est
1134 2506 1300 2569 argumen-

106 2605 186 2678 tum,
220 2616 292 2662 eum
323 2605 499 2664 secutum
527 2617 611 2664 esse
639 2600 858 2666 Homerum.
911 2601 1047 2680 Etenim,
1078 2600 1105 2665 si
1130 2598 1301 2682 Aeschylus

107 2710 298 2790 neglexisset
312 2710 484 2776 Homerum
506 2714 539 2775 et
560 2729 607 2791 ea,
631 2729 712 2793 quae
728 2711 902 2776 Ahrensius
924 2716 980 2775 aut
995 2711 1109 2793 aliquis
1124 2716 1300 2775 ceterorum

107 2821 148 2884 ab
170 2840 207 2886 eo
228 2822 291 2886 dici
312 2821 500 2902 suspicatur,
522 2823 695 2902 exprimere
718 2822 876 2901 voluisset,
899 2822 999 2886 multo
1022 2822 1124 2903 magis
1145 2821 1178 2886 id
1200 2820 1301 2886 insius

107 2933 263 3013 explicare
285 2931 430 3012 debebat,
453 2950 548 3013 quam
570 2933 597 2996 si
619 2931 810 3014 sequebatur
832 2932 1017 2998 Homerum.
1057 2931 1168 2998 Nonne
1188 2951 1239 2997 res
1254 2939 1303 2997 est

107 3043 330 3124 apertissima?
378 3043 548 3109 Emmvero
580 3061 703 3124 semper
733 3043 855 3109 licitum
887 3049 957 3108 erat
986 3043 1087 3125 poetis
1119 3043 1302 3125 tragoediae

109 3154 319 3235 Atheniensis
342 3173 393 3220 res
416 3155 510 3219 aliter
530 3154 686 3237 effingere,
710 3156 988 3237 atqueHomerus3
1011 3159 1155 3219 attamen
1177 3155 1204 3220 si
1226 3154 1302 3236 quid

108 3271 318 3346 mutaverunt,
356 3284 419 3331 non
455 3266 547 3344 clam,
578 3266 632 3330 sed
661 3265 768 3346 palam
802 3266 836 3330 id
865 3266 983 3330 mutari
1009 3283 1136 3330 necesse
1165 3264 1237 3345 luit,
1266 3269 1303 3329 ut

107 3377 226 3442 scirent
248 3376 389 3441 homines
411 3393 513 3457 neque
533 3376 631 3440 nimia
653 3378 829 3458 sagacitate
851 3395 929 3458 opus
951 3379 1033 3441 esset
1055 3376 1095 3440 ad
1111 3377 1304 3458 investigan-

106 3488 180 3552 dam
202 3492 315 3570 politae
336 3488 531 3568 opinionem!

194 3599 291 3664 Porro
314 3597 489 3679 Aeschylus
521 3597 629 3662 eodem
661 3599 730 3664 iure
753 3599 890 3666 Calchae
911 3597 1111 3682 praesagium
1133 3597 1306 3680 praeteriit,

107 3728 169 3792 quo
192 3710 348 3775 Homerus
369 3727 501 3774 causam
523 3708 650 3788 omittit,
673 3729 713 3775 ex
734 3729 798 3792 qua
820 3728 877 3776 suo
899 3710 1088 3792 speculatori
1114 3709 1208 3773 nnius
1230 3708 1305 3773 anni

106 3821 252 3886 excubias
274 3820 431 3888 tribuerit.
479 3820 582 3897 Quam
605 3839 735 3887 causam
757 3822 908 3903 quisquis,
937 3825 974 3885 ut
1001 3820 1119 3902 opinor,
1151 3820 1228 3885 satis
1257 3819 1304 3882 in-

107 3933 229 3998 tellexit
252 3938 318 4012 aut,
340 3933 369 3998 si
390 3931 543 3997 curiosius
565 3932 754 4013 sciscitetur,
777 3949 840 3996 non
862 3932 988 3997 omnino
1010 3930 1174 3996 intellexit.
1211 3928 1305 3994 Vide

107 4045 190 4120 licet,
221 4061 291 4108 cum
323 4043 457 4108 Calchas
487 4041 595 4108 decem
625 4045 719 4109 annis
745 4043 928 4125 praeteritis
951 4042 1079 4107 Troiam
1107 4039 1305 4106 interituram

106 4173 175 4220 esse
200 4153 404 4235 praediceret,
434 4153 559 4235 anquiri
587 4159 701 4235 potest,
730 4155 785 4235 qui
812 4153 879 4233 fiat,
908 4159 944 4220 ut
972 4155 1035 4219 iarn
1063 4151 1220 4218 decimum
1248 4170 1304 4232 per

106 4283 225 4330 annum
255 4263 433 4346 speculator
461 4264 586 4346 vigilias
619 4269 706 4346 agat.
764 4262 882 4341 Quodsi
915 4265 961 4330 sic
996 4263 1237 4344 interpellamur
1266 4262 1305 4328 de

107 4375 245 4442 Homero
270 4379 304 4441 ct
332 4373 496 4459 Aeschylo,
532 4377 656 4442 nullum
691 4372 850 4458 refugium
880 4381 938 4457 est,
969 4375 1031 4442 nisi
1059 4374 1100 4440 ad
1129 4373 1307 4438 libertatem
