3204 5048
604 352 727 453 m25

679 437 811 452 AMMA

8 545 9 556 ’
112 553 238 642 ταύτην
266 556 424 640 supponit,
451 562 521 622 tum
547 575 605 640 pro
634 554 726 643 ἐμήν,
754 561 791 621 ut
819 555 962 637 Weilius,
998 557 1072 642 ἐμοί
1104 556 1303 624 scribendum

113 668 236 750 statuit,
260 669 344 750 quod
365 673 471 734 tamen
494 686 565 734 cum
587 664 687 754 εὐνὴν
709 667 998 756 ἐπισκοπουμένην
1018 669 1189 749 coniungit.

200 780 305 861 Atque
326 779 522 862 praesertim,
554 798 637 863 quae
664 786 758 846 antea
785 782 825 848 de
854 781 1015 846 nocturnis
1042 780 1230 846 excubitoris
1257 781 1304 846 vi-

113 891 199 972 giliis
222 890 424 973 decrevimus,
447 909 531 956 nunc
545 891 660 956 muniri
676 893 802 973 attinet,
825 912 897 958 cum
912 897 1133 973 argumentum
1147 892 1303 974 quoddam

113 1002 330 1086 refutabimus,
366 1002 449 1086 quod
477 1001 614 1068 Keckius
649 1003 784 1070 adrem
813 1021 904 1070 suam
931 1003 1034 1085 magis
1066 1002 1303 1086 approbandam

114 1113 252 1181 adhibet.
306 1113 487 1196 Interrogat
515 1114 600 1180 enim
628 1115 775 1195 Keckius,
811 1133 872 1198 qno
904 1116 973 1181 iure
1002 1115 1030 1182 is
1064 1119 1168 1181 custos
1201 1116 1302 1181 dicat:

114 1221 181 1318 εἶπ’
203 1224 247 1291 ἂν
268 1221 300 1290 d’
321 1221 419 1312 εὐνήν
442 1226 515 1309 ἔχου,
544 1226 599 1308 qui
626 1232 813 1309 perpetuum
842 1247 898 1309 per
919 1245 1038 1292 annum
1065 1227 1098 1291 in
1120 1227 1229 1291 eodem
1251 1245 1304 1292 cu·

113 1336 170 1401 bili
191 1337 332 1402 iacuerit.
378 1337 490 1404 Nonne
516 1336 656 1420 profecto
683 1338 767 1405 idem
793 1339 930 1405 Keckius
958 1339 992 1404 in
1013 1357 1065 1420 pg.
1090 1342 1131 1404 49
1159 1338 1304 1405 editionis

114 1447 255 1530 adnotat,
283 1453 453 1514 nocturnas
484 1448 581 1516 fuisse
607 1450 745 1516 custodis
771 1451 940 1517 excubias?
982 1451 1140 1533 Equidem
1165 1450 1304 1516 custodis

114 1576 288 1625 sermonem
308 1559 357 1626 his
380 1559 447 1626 fere
461 1561 691 1626 determinabo:
715 1562 775 1641 „si
797 1562 866 1627 sub
887 1565 1066 1628 noctem“
1088 1561 1192 1645 inquit
1215 1579 1304 1641 „co-

114 1670 219 1736 tidie
239 1671 285 1735 ad
306 1671 440 1738 cubile
462 1690 581 1736 meum
604 1673 849 1753 accesserim,
872 1674 973 1756 quod
994 1673 1304 1756 tempestatibus

114 1783 323 1848 nocturnis
346 1787 510 1848 vexatur
530 1786 604 1850 -“.

199 1893 264 1960 Ubi
285 1893 350 1958 iam
370 1894 431 1960 loci
452 1895 645 1977 depravatio,
673 1895 839 1977 quominus
865 1915 1043 1979 pergamus,
1070 1915 1127 1962 nos
1147 1895 1302 1979 prohibet.

198 2005 243 2070 At
274 2005 367 2088 longe
394 2007 459 2072 illis
485 2007 587 2074 Kecki
608 2012 641 2073 ct
663 2005 757 2072 Weili
785 2008 979 2090 opinionibus
1007 2005 1199 2089 praeferrem
1227 2007 1305 2073 Din-

114 2114 193 2180 dorfi
214 2117 397 2198 remedium,
419 2119 474 2200 qui
489 2136 546 2200 pro
562 2117 643 2204 ἐμήν
663 2119 794 2184 verbum
816 2117 941 2184 finitum
963 2119 1214 2185 submittendum
1236 2137 1305 2186 esse

115 2228 287 2309 constituit,
310 2229 372 2294 nisi
386 2228 490 2312 ipsum
504 2229 643 2310 verbum,
666 2230 750 2310 quod
765 2230 918 2311 proponit,
941 2231 1086 2296 omnibus
1108 2230 1305 2312 argumentis

114 2337 234 2404 nudum
256 2346 347 2408 esset.
391 2340 573 2407 Dindorfius
598 2341 718 2408 scilieet
744 2341 875 2406 verbum
903 2340 991 2419 coca
1019 2341 1218 2408 scribendum
1240 2347 1305 2408 sta-

114 2451 186 2518 tuit.
231 2451 301 2529 Qua
322 2453 445 2519 ratione
473 2454 587 2520 scriem
608 2472 714 2518 rernm
742 2453 868 2536 planius
895 2455 1101 2537 compositam
1130 2453 1230 2520 videri
1258 2453 1305 2518 in·

114 2561 250 2628 fitiabor.
1016 2625 1020 2635 ,

201 2674 283 2738 Turn
304 2679 411 2742 autern
432 2675 633 2758 Hartungius
661 2675 745 2762 ἄλην
775 2677 934 2743 submittit
961 2697 1018 2760 pro
1041 2673 1108 2743 εὖτ’
1131 2676 1176 2742 ἄν
1196 2680 1228 2740 11
1251 2672 1306 2740 ἀεί
1402 2665 1408 2677 ’

115 2804 171 2868 pro
193 2783 284 2876 ἐμῆν,
307 2804 388 2867 quae
410 2787 525 2852 bonam
545 2806 621 2854 sane
643 2789 833 2855 sententiam
854 2789 1001 2869 reddunt,
1024 2794 1167 2854 attamen
1182 2805 1305 2852 summa

115 2899 294 2990 temeritate
315 2902 440 2963 mutata
461 2903 545 2964 sunt.

200 3009 345 3091 Denique
366 3009 557 3076 Karstenius
578 3010 612 3076 in
633 3010 717 3076 bunc
739 3011 865 3076 modum
887 3010 1012 3077 scribit:

269 3116 337 3188 εὖτ’
361 3120 406 3186 ἄν
425 3121 465 3186 dd
485 3122 753 3205 νυκτίπλαγκτον
775 3123 935 3211 ἔνδροσόν
955 3118 984 3187 τ’
1008 3122 1071 3205 ἔχω

269 3232 351 3319 ἐμὴν
372 3231 511 3318 ὀνείροις
532 3231 593 3300 odor
614 3235 902 3320 ἐπισκοπουμένην

269 3341 377 3432 εὐνὴν,
401 3343 505 3432 φόβος
527 3345 589 3431 γσὶρ
613 3341 694 3411 ἀνθ’
716 3345 825 3412 ὕπνου
848 3359 1070 3433 παραστατεῖ,

267 3457 305 3525 τὸ
326 3461 389 3542 μὲν
410 3461 553 3542 βεβαίως
573 3457 727 3544 βλέφαρα
749 3458 931 3542 συμβαλεῖν
953 3455 1049 3524 ὀκνοῖ.

269 3567 407 3638 ὅτανδ’
430 3587 475 3651 sq

200 3680 297 3746 Guius
326 3682 365 3748 de
393 3680 537 3765 opinione
565 3696 628 3744 non
656 3677 747 3744 modo
775 3677 860 3744 idem
891 3679 1037 3762 arbitror,
1065 3680 1149 3764 quod
1169 3678 1306 3744 iudicavi

116 3790 155 3858 de
175 3790 269 3857 Weili
291 3792 433 3872 audacia,
461 3811 571 3858 verum
593 3790 699 3870 etiam,
727 3807 789 3872 quo
808 3789 877 3855 iure
899 3809 937 3856 ea
958 3792 1041 3857 inter
1063 3811 1097 3859 se
1119 3791 1304 3872 obiciantur,

115 3919 197 3984 quae
228 3923 284 3986 per
315 3907 379 3989 μέν
398 3941 441 3952 -
463 3902 501 3968 δέ
533 3903 638 3983 obicit,
669 3919 720 3968 me
754 3920 793 3966 11
825 3903 977 3985 suspicari
1010 3903 1137 3984 quidem
1171 3899 1303 3970 affirmo.

117 4011 264 4080 Ceterum
285 4015 324 4082 cf.
350 4015 501 4080 Karsteni
522 4015 781 4081 commentarium
802 4031 855 4098 pg.
881 4017 951 4080 121.

200 4125 244 4192 11
265 4126 349 4192 eninr
370 4145 473 4192 nonne
493 4124 625 4192 verbum
647 4126 805 4208 quoddam
826 4127 958 4208 reperiri
978 4131 1092 4210 potest,
1114 4123 1197 4208 quod
1212 4122 1305 4190 nimis

116 4237 280 4304 obscuram
310 4237 426 4303 'seriem
459 4237 625 4304 uerborum
656 4237 761 4305 subito
789 4236 1003 4319 patefaceret?
1055 4236 1160 4315 Quare
1193 4235 1304 4316 denuo,

117 4367 198 4432 quae
219 4349 340 4418 111111
361 4353 445 4432 sunt,
466 4350 630 4418 nobiscum
650 4353 832 4434 reputemus
854 4352 888 4416 et
909 4348 1164 4430 contemplo-ur.
