3204 5048
857 351 899 424 22

775 446 981 462 MVWVWV

285 569 388 636 soluta
410 565 501 632 nobis
521 567 749 650 relinquantur.
793 565 904 648 Neque
930 570 1046 645 autem,
1075 569 1112 629 ut
1138 563 1277 629 Kechius
1307 583 1471 646 argumen-

284 687 380 762 tatur,
403 667 512 762 poeta,
533 685 698 761 postquam
720 698 740 744 a
762 677 895 761 simplici
918 678 959 744 ad
981 680 1128 743 ornatum
1150 693 1324 741 sermonem
1346 693 1380 742 se
1403 695 1471 743 con-

284 792 389 873 vertit,
420 790 522 855 redire
556 791 649 855 dehet
682 790 723 854 ad
753 791 932 855 inornatam
960 789 1183 867 narrationem,
1214 787 1289 869 quia
1318 792 1470 872 extemplo

285 906 396 969 omato
418 901 539 967 dicendi
562 919 675 983 genere
696 901 798 967 utitur
824 907 857 967 et
885 919 942 983 per
964 900 1097 985 ἄστρων
1123 903 1289 986 νυκτέρων
1317 897 1472 990 ὁμάγυριν

285 1014 386 1080 simile
407 1013 564 1094 quoddam
587 1013 722 1094 inchoat,
746 1014 830 1097 quod
851 1031 908 1096 per
929 1012 1098 1088 δυνάστας
1119 1008 1279 1092 sq.'iinem
1302 1011 1408 1078 habet.

271 1197 273 1200 .
370 1122 521 1200 Quocirca
541 1126 685 1191 versusi
709 1125 859 1190 delendus
882 1128 939 1208 est,
969 1142 1061 1206 quem
1085 1124 1180 1188 etiam
1202 1121 1340 1188 Achilles
1362 1124 1470 1191 Tatius

283 1237 419 1318 ignorat.

370 1347 548 1428 Antequam
578 1349 685 1412 autem
715 1345 884 1428 pergimus
914 1347 953 1412 de
982 1346 1076 1412 verbo
1099 1343 1287 1411 κατειδέναι
1315 1365 1387 1411 cum
1410 1347 1471 1411 Ah-

283 1459 386 1524 reusio
400 1477 501 1542 pauca
516 1457 684 1540 disceptari
699 1465 848 1541 opns‘est,
872 1458 926 1540 qui
948 1458 1070 1523 custodi
1091 1457 1298 1539 complurium
1319 1477 1470 1524 annorum
1586 1467 1587 1542 ᾗ

283 1570 429 1636 excubias
450 1569 547 1635 etiam
569 1575 734 1652 propterea
757 1571 878 1652 tribuit,
902 1569 985 1652 quod
1007 1588 1068 1634 uno
1084 1587 1166 1635 anno
1181 1574 1286 1634 custos
1309 1545 1474 1634 stellarum
1586 1591 1587 1594 ¹

168 1749 173 1755 ,
284 1699 393 1747 cursus
414 1687 509 1764 atque
531 1682 651 1747 coelum
673 1700 736 1746 non
757 1682 835 1748 satis
857 1683 1042 1762 cognoscere
1063 1681 1210 1763 potuerit.
1248 1681 1352 1758 Quid?
1388 1681 1470 1746 Num

283 1791 367 1873 fugit
386 1791 585 1872 Ahrensium‚
609 1793 770 1858 custodem
792 1811 825 1858 se
848 1798 994 1859 accurate
1016 1793 1135 1858 eoelum
1156 1794 1339 1874 cognovisse
1360 1793 1469 1874 dicere,

283 1905 367 1986 quod
397 1904 456 1969 sibi
479 1904 665 1984 accuratius
695 1922 790 1985 quam
812 1903 860 1970 ias
883 1909 940 1985 est,
970 1904 1091 1969 coelum
1121 1905 1300 1986 cognovisse
1327 1903 1470 1968 videtur?
1554 1905 1557 1912 '
1586 1901 1587 1978 J

282 2020 324 2096 et,
348 2021 384 2080 ut
403 2015 521 2098 opinor,
545 2020 648 2080 eustos
663 2013 723 2080 sibi
737 2015 834 2081 nimia
849 2015 1003 2098 patientia
1017 2015 1137 2081 eoelum
1153 2017 1310 2099 aspexisse
1331 2015 1469 2080 videtur!
1586 2003 1587 2080 l

283 2125 396 2208 Itaque
424 2127 457 2191 in
485 2127 672 2194 κατειδέναι
701 2127 778 2193 levis
813 2129 967 2210 quaedam
998 2127 1154 2194 acerbitas
1180 2128 1264 2193 inest
1294 2128 1394 2211 (velut
1416 2143 1470 2192 nos
1586 2159 1587 2220 y

283 2236 433 2304 dicimus:
460 2239 557 2321 ,wohl
579 2239 681 2304 kenne
702 2240 797 2322 ieh“).

369 2348 437 2414 Iam
459 2369 532 2415 vero
555 2351 599 2415 sic
620 2350 725 2432 pergit
747 2351 863 2416 oratio:

440 2469 495 2526 καὶ
517 2459 761 2548 deindedcinde
784 2449 961 2546 λαμπάδος
983 2461 1021 2527 τὸ
1044 2461 1210 2548 σύμβολον

414 2569 540 2658 αὐγὴν
562 2572 667 2659 πυρὸς
689 2551 862 2661 φέρουσαν
884 2574 920 2640 ἐκ
948 2578 1070 2662 Τροίας
1092 2573 1196 2662 φάτιν

437 2679 609 2768 άλοίσιμόν
630 2708 665 2748 τε
686 2684 799 2768 βάξιν·
824 2681 889 2750 dos
911 2686 973 2773 γάρ
997 2698 1113 2768 κρατεῖ

375 2827 379 2838 ¹
438 2796 592 2878 γυναικὸς
613 2793 840 2885 ἀνδρόβουλον
863 2797 999 2874 ἐλπίζον
1020 2801 1118 2885 κέαρ·

367 2901 547 2992 Ἀλάσιμυς
567 2908 662 2992 βάξις
683 2914 790 2974 autem
812 2909 862 2974 vel
884 2911 1023 2991 nuntius,
1047 2911 1101 2992 qui
1117 2909 1230 2974 Troiae
1245 2907 1400 2973 excidium
1422 2925 1469 2971 re

281 3014 353 3099 fert,
369 3017 429 3083 etsi
445 3017 573 3084 liberius
587 3020 620 3084 id
636 3019 749 3084 dicitnr
762 3020 803 3085 ab
817 3020 980 3103 Aeschylo,
1003 3025 1110 3086 tamen
1125 3039 1188 3086 non
1203 3024 1290 3086 caret
1312 3018 1467 3101 exemplis.
1586 3073 1587 3110 3

282 3127 467 3211 comparari
488 3130 572 3194 enim
593 3135 697 3212 potest
719 3151 763 3196 ve.
789 3133 934 3196 aot-2:

437 3237 664 3322 εὐαγγέλοισιν
685 3242 819 3309 ἐλπίσιν
840 3241 1034 3329 θυηπολεῖς,

436 3350 562 3438 κλύοιμ’
585 3353 630 3419 άν
650 3392 694 3402 -
716 3373 760 3436 sq.

281 3481 382 3547 neque
409 3465 513 3532 minus
545 3467 676 3531 citarem
706 3485 750 3532 vs.
782 3470 833 3545 50,
868 3467 931 3532 nisi
965 3466 1079 3532 eximia
1107 3464 1342 3531 Panzerbieteri
1375 3463 1469 3528 inter-

280 3575 466 3658 pretatione,
482 3595 577 3659 quam
592 3577 727 3643 libenter
742 3577 871 3660 accipio,
887 3578 914 3644 is
929 3578 1016 3644 loeus
1031 3597 1158 3662 prorsus
1173 3577 1267 3640 aliter
1282 3593 1315 3640 se
1330 3575 1467 3640 haberet.

280 3677 470 3770 Ceteroquin
491 3687 530 3756 ci.
555 3689 780 3755 Schneidewini
802 3690 1047 3756 adnotationem.

367 3801 405 3864 In
425 3800 628 3883 sequentibus
650 3805 758 3868 autem
779 3801 979 3868 scribendum
1000 3820 1084 3867 esse:
1191 3805 1193 3810 ’

758 3906 823 3977 ὦδε
846 3912 908 4001 γάρ
932 3924 1049 4001 κρατεῖ

435 4023 590 4107 γυναικὸς
610 4021 837 4112 άνδρδβουλον
859 4023 997 4102 ἐλπίζον
1019 4028 1109 4110 κέαρ.

280 4151 382 4215 neque
403 4148 537 4222 sponsio
558 4142 591 4202 et
613 4136 748 4219 idatio,
778 4137 957 4202 testimonio
986 4141 1035 4202 est
1057 4153 1094 4200 ea
1116 4149 1175 4213 reo,
1204 4131 1288 4214 quod
1309 4132 1395 4197 nullo
1417 4130 1470 4196 ad·
1586 4179 1587 4202 ι

279 4243 341 4312 hue
362 4245 457 4312 verbo
478 4249 638 4337 custodem
660 4267 680 4313 a
703 4248 953 4332 Clytaemnestra
981 4244 1134 4331 speculari
1163 4244 1283 4310 iussum
1310 4262 1379 4309 esse
1400 4261 1469 4308 nar-

279 4361 385 4422 ratum
421 4362 479 4440 est,
512 4359 545 4425 id
579 4360 663 4443 quod
697 4360 851 4443 Aeschylo
889 4360 941 4425 vix
973 4359 1237 4442 praetereundum
1272 4360 1349 4424 erat.
1409 4351 1469 4420 Sed
