3204 5048
286 530 324 591 ut
344 525 405 592 hac
426 523 572 604 opinione
599 527 727 604 accepta
753 521 928 604 paullulum
956 525 1061 584 textus
1090 520 1261 586 mutandus
1291 520 1333 588 sit
1362 527 1395 588 et
1423 541 1477 605 pro

289 640 420 718 στέγαις
442 654 513 700 cum
535 634 769 703 Schneidewino
791 631 991 698 scribendum
1014 633 1056 696 sit
1079 635 1200 717 στέγης.

373 747 480 830 Atqui,
503 747 530 813 si
552 747 622 829 quis
644 750 772 828 propter
793 763 895 810 meam
918 743 1016 826 ipsius
1038 743 1225 824 opinionem,
1255 763 1352 825 quam
1373 743 1477 814 'fusius
1585 755 1586 810 l

288 859 425 942 exposui,
459 878 509 924 me
536 858 753 939 interpellaret
781 861 813 921 et
840 860 1015 938 quaereret,
1051 874 1113 937 quo
1143 856 1211 920 iure
1238 860 1343 920 custos
1376 860 1478 920 totum
1585 833 1586 884 ff

287 991 343 1054 per
365 990 483 1036 annum
505 974 600 1052 caput
622 988 656 1034 se
678 969 711 1034 in
733 968 868 1034 brachiis
890 965 1042 1033 institis'se
1064 972 1209 1032 narraret
1232 966 1284 1053 (cf.
1309 966 1403 1032 Weili
1425 968 1478 1032 ad·
1585 979 1586 984 ’

287 1084 482 1149 notationem
503 1082 543 1147 ad
566 1099 610 1148 vs.
635 1083 654 1145 3
677 1078 881 1165 adscriptam)
911 1097 1033 1144 mecum
1060 1079 1132 1146 ilico
1162 1098 1232 1144 earn
1253 1079 1476 1160 quaestionem,

288 1200 325 1260 ut
346 1196 463 1277 opinor,
487 1193 619 1259 refelles.
677 1181 683 1191 ’
1382 1249 1397 1256 -

374 1306 426 1386 At,
455 1305 538 1388 quod
566 1305 622 1370 illa
651 1303 745 1368 nimis
773 1303 893 1370 curiose
915 1303 1059 1385 quaesita
1080 1308 1180 1383 erant,
1211 1322 1323 1384 nonne,
1353 1322 1477 1386 quaeso,

289 1419 380 1483 mrdti
402 1418 590 1499 interpretes
612 1434 663 1480 res
689 1415 782 1496 longe
811 1414 1000 1480 difficiliores
1030 1399 1245 1496 imposuerunt
1273 1414 1395 1480 custodi
1425 1434 1479 1496 per

290 1530 430 1594 annum?
473 1528 671 1609 Quamquam
698 1527 783 1592 eninr
804 1527 994 1593 Klausenius
1023 1525 1142 1607 primm
1165 1525 1311 1601 ostendit,
1341 1526 1479 1592 interdiu

289 1641 377 1722 ignes
405 1639 491 1704 cerni
516 1658 579 1704 non
600 1639 747 1720 potuisse,
776 1645 883 1704 tamen
904 1638 1053 1720 permulti
1075 1637 1215 1702 homines
1238 1637 1321 1702 docti
1342 1637 1479 1704 nondum

289 1758 394 1817 mente
416 1751 685 1832 comprehendisse
707 1749 864 1830 videntur,
886 1747 1086 1815 nullomodo
1109 1749 1247 1830 potuisse
1270 1750 1480 1816 excubitorem

274 1859 428 1930 'interdiu
450 1863 590 1943 vigilare.
636 1862 718 1926 Nam
740 1867 863 1927 tantum
887 1861 986 1940 abest,
1009 1865 1045 1927 ut
1068 1861 1101 1924 in
1122 1861 1311 1928 editionibus
1334 1867 1420 1927 recte
1442 1861 1491 1926 de·

289 1975 350 2040 hac
371 1993 405 2038 re
426 1977 696 2054 argumententur,
725 1977 761 2036 ut
783 1991 849 2038 rem
872 1973 1006 2038 maxime
1028 1971 1261 2038 memorabilem
1284 1974 1480 2053 praetermit-

290 2090 362 2172 tant
381 2090 477 2167 atque
495 2085 592 2151 etiam
612 2084 792 2151 conicienda
813 2084 846 2148 id
868 2083 1016 2164 refutent,
1038 2084 1121 2164 quod
1141 2084 1336 2164 argumentis
1359 2085 1481 2149 munire

290 2197 455 2264 debebant.
501 2197 596 2262 Velut
617 2197 762 2278 Engerus
788 2215 828 2261 ne
856 2215 954 2261 unum
981 2194 1107 2277 quidem
1133 2195 1261 2260 verbum
1290 2195 1324 2260 in
1351 2196 1481 2262 minoris

291 2309 437 2374 editionis
455 2309 711 2374 adnotationibus
734 2310 773 2373 de
788 2327 825 2399 ee
841 2327 875 2372 re
890 2308 1004 2387 promit
1019 2312 1051 2372 et
1066 2307 1213 2388 Keckius,
1237 2307 1298 2372 etsi
1311 2312 1480 2374 nocturnas
1585 2313 1586 2388 ᾖ

290 2424 416 2485 tantum
443 2418 539 2484 fuisse
569 2419 695 2500 vigilias
728 2419 816 2483 brevi
846 2417 1049 2482 adnotatione
1082 2417 1140 2481 sub
1170 2423 1259 2484 textu
1288 2419 1418 2500 indicat,
1448 2435 1481 2486 se
1585 2395 1586 2450 l

291 2531 393 2612 ipsum
414 2529 540 2608 refellit,
572 2549 642 2595 curn
671 2534 779 2611 postea
809 2529 906 2594 solem
933 2529 973 2593 ab
996 2528 1174 2593 excubitore
1197 2531 1365 2596 memorari
1387 2532 1479 2596 dicat.
1585 2507 1586 2520 ἵ

292 2640 394 2706 Certis
429 2657 502 2707 vero
537 2645 569 2708 ct
602 2641 747 2706 dilucidis
778 2641 882 2705 verbis
915 2659 981 2706 ram
1011 2659 1102 2704 nemo
1133 2641 1307 2706 constituit.
1352 2642 1403 2706 An
1432 2662 1481 2708 res

292 2753 386 2818 nimis
400 2753 516 2835 pusilla
532 2753 677 2818 videtur?
708 2753 751 2818 At
774 2752 850 2818 mihi
872 2753 986 2833 omnia,
1011 2770 1092 2833 quae
1114 2752 1155 2816 ad
1177 2771 1242 2819 rem
1265 2753 1481 2834 explicandam

292 2883 369 2947 opus
392 2870 474 2944 sunt,
496 2866 663 2947 praecipue
685 2864 781 2946 digna
803 2864 959 2944 videntur,
982 2883 1063 2945 quae
1085 2865 1281 2930 denotentur.
1351 2927 1353 2932 ,
1573 2847 1577 2854 ’

377 2975 462 3042 Num
485 2976 564 3057 ideo,
592 2977 618 3042 si
641 2977 793 3042 Klauseni
820 2981 1040 3057 argumentum
1067 2977 1271 3057 omiserimus,
1302 2977 1480 3059 ceteroquin

291 3087 325 3152 id
346 3087 414 3152 fieri
435 3088 547 3168 potuit,
578 3092 614 3152 ut
643 3092 747 3153 custos
775 3088 913 3151 interdiu
940 3088 1175 3167 specularetur?
1219 3088 1381 3170 Permulta
1407 3105 1481 3154 sane
1585 3123 1586 3126 π

293 3203 324 3266 ct
345 3217 517 3280 permagna
545 3204 676 3280 possunt
706 3203 817 3280 poetae
846 3199 879 3262 in
904 3198 997 3262 rebus
1023 3196 1178 3279 fingendis
1207 3203 1239 3264 et
1269 3200 1482 3280 excogitandis

293 3313 325 3374 et
339 3309 474 3391 plurima
489 3310 534 3375 eis
550 3311 786 3390 permittuntur,
809 3310 870 3388 sed,
884 3314 991 3376 tamer
1012 3329 1172 3392 nunquam
1189 3312 1337 3376 excedere
1351 3314 1482 3392 possunt

293 3426 325 3488 ct
345 3421 464 3486 violare
484 3427 632 3486 naturam
653 3422 832 3488 humanam.
879 3421 1048 3498 Quonam
1069 3427 1184 3503 pacto
1207 3424 1354 3489 scilicet
1375 3422 1483 3488 horno

258 3576 265 3586 .
292 3531 447 3612 aliquis
476 3551 544 3614 per
573 3537 695 3600 totum
723 3553 862 3600 annum
890 3551 1026 3598 somno
1055 3552 1186 3600 carere
1213 3535 1374 3614 potest?
1410 3551 1484 3615 quo

293 3644 380 3710 iure
402 3645 624 3726 susceperit
647 3645 854 3712 continuas
876 3645 1057 3712 excubias
1079 3663 1146 3725 per
1168 3645 1332 3708 annum?
1368 3645 1482 3710 Porro

293 3756 437 3837 omnia,
458 3774 556 3837 quae
572 3762 704 3822 custos
720 3755 856 3837 refert,
876 3757 924 3822 ad
938 3760 1086 3821 noctem
1109 3760 1291 3838 spectant
1306 3760 1343 3822 et
1359 3757 1483 3822 noctis

293 3865 547 3932 incommoda.

379 3978 577 4044 Postremum
604 3978 818 4061 quaerendum
847 3984 909 4059 est,
936 3997 1012 4044 num
1038 3980 1065 4044 is
1092 3984 1205 4058 custos,
1234 3977 1289 4058 qui
1315 3984 1483 4046 nocturnas

292 4093 417 4154 tantum
440 4089 585 4156 excubias
607 4089 747 4155 subierat
769 4110 824 4172 per
847 4109 972 4172 annum,
997 4091 1105 4160 eodem
1126 4090 1195 4154 iure
1209 4089 1313 4154 dicere
1335 4090 1482 4173 potuerit,

293 4219 327 4266 se
348 4219 539 4283 perannum
561 4202 757 4283 spectdatum
784 4221 853 4268 esse
874 4222 912 4268 ex
933 4203 1034 4268 tectis.
1080 4201 1170 4278 Quod
1191 4220 1253 4267 non
1276 4204 1483 4270 recusandum
1585 4189 1586 4256 ἶ

293 4315 342 4377 est
364 4330 466 4394 neque
487 4331 549 4380 non
571 4311 674 4382 minus
697 4314 738 4380 ad
760 4333 830 4380 eum
852 4314 937 4382 istud
959 4317 1070 4395 aptum
1091 4330 1159 4378 esse
1181 4312 1407 4396 denegandum.
