<?xml version="1.0" encoding="UTF-8"?>
<!DOCTYPE html PUBLIC "-//W3C//DTD XHTML 1.0 Transitional//EN"
    "http://www.w3.org/TR/xhtml1/DTD/xhtml1-transitional.dtd">
<html xmlns="http://www.w3.org/1999/xhtml" xml:lang="en" lang="en">
 <head>
  <title>
</title>
<meta http-equiv="Content-Type" content="text/html;charset=utf-8" />
  <meta name='ocr-system' content='tesseract 3.04.00' />
  <meta name='ocr-capabilities' content='ocr_page ocr_carea ocr_par ocr_line ocrx_word'/>
</head>
<body>
  <div class='ocr_page' id='page_1' title='image "./quaestionumaesc00bormgoog_0040.png"; bbox 0 0 3204 5048; ppageno 0'>
   <div class='ocr_carea' id='block_1_1' title="bbox 665 341 706 404">
    <p class='ocr_par' dir='ltr' id='par_1_1' title="bbox 665 341 706 404">
     <span class='ocr_line' id='line_1_1' title="bbox 665 341 706 404; baseline -0.049 0"><span class='ocrx_word' id='word_1_1' title='bbox 665 341 706 404; x_wconf 88' lang='lat'>35</span> 
     </span>
    </p>
   </div>
   <div class='ocr_carea' id='block_1_2' title="bbox 583 423 789 440">
    <p class='ocr_par' dir='ltr' id='par_1_2' title="bbox 583 423 789 440">
     <span class='ocr_line' id='line_1_2' title="bbox 583 423 789 440; baseline 0 0"><span class='ocrx_word' id='word_1_2' title='bbox 583 423 789 440; x_wconf 61' lang='lat' dir='ltr'>WV&#39;VXANW</span> 
     </span>
    </p>
   </div>
   <div class='ocr_carea' id='block_1_3' title="bbox 59 523 1279 1967">
    <p class='ocr_par' dir='ltr' id='par_1_3' title="bbox 59 523 1279 964">
     <span class='ocr_line' id='line_1_3' title="bbox 170 523 1279 628; baseline 0.002 -18"><span class='ocrx_word' id='word_1_3' title='bbox 170 545 225 611; x_wconf 90' lang='lat' dir='ltr'>De</span> <span class='ocrx_word' id='word_1_4' title='bbox 253 546 307 612; x_wconf 91' lang='lat' dir='ltr'>iilo</span> <span class='ocrx_word' id='word_1_5' title='bbox 333 548 413 612; x_wconf 92' lang='lat' dir='ltr'>bove</span> <span class='ocrx_word' id='word_1_6' title='bbox 442 552 557 628; x_wconf 90' lang='lat' dir='ltr'>autem,</span> <span class='ocrx_word' id='word_1_7' title='bbox 588 547 644 628; x_wconf 92' lang='lat' dir='ltr'>qui</span> <span class='ocrx_word' id='word_1_8' title='bbox 670 563 705 611; x_wconf 92' lang='lat' dir='ltr'>os</span> <span class='ocrx_word' id='word_1_9' title='bbox 732 523 847 628; x_wconf 77' lang='lat' dir='ltr'>premit</span> <span class='ocrx_word' id='word_1_10' title='bbox 876 545 1024 627; x_wconf 87' lang='lat' dir='ltr'>custodis,</span> <span class='ocrx_word' id='word_1_11' title='bbox 1055 545 1134 612; x_wconf 86' lang='lat' dir='ltr'>nihil</span> <span class='ocrx_word' id='word_1_12' title='bbox 1164 545 1279 612; x_wconf 89' lang='lat' dir='ltr'>certius</span> 
     </span>
     <span class='ocr_line' id='line_1_4' title="bbox 59 657 1277 739; baseline 0 -16"><span class='ocrx_word' id='word_1_13' title='bbox 59 658 286 739; x_wconf 88' lang='lat' dir='ltr'>exploratum</span> <span class='ocrx_word' id='word_1_14' title='bbox 300 662 358 739; x_wconf 79' lang='lat' dir='ltr'>est,</span> <span class='ocrx_word' id='word_1_15' title='bbox 382 658 443 725; x_wconf 90' lang='lat' dir='ltr'>nisi</span> <span class='ocrx_word' id='word_1_16' title='bbox 457 659 645 724; x_wconf 89' lang='lat' dir='ltr'>Ahrensium</span> <span class='ocrx_word' id='word_1_17' title='bbox 667 675 842 738; x_wconf 86' lang='lat' dir='ltr'>sequemur,</span> <span class='ocrx_word' id='word_1_18' title='bbox 865 658 921 738; x_wconf 92' lang='lat' dir='ltr'>qui</span> <span class='ocrx_word' id='word_1_19' title='bbox 935 657 1053 723; x_wconf 89' lang='lat' dir='ltr'>maiore</span> <span class='ocrx_word' id='word_1_20' title='bbox 1067 658 1277 739; x_wconf 69' lang='lat' dir='ltr'>simplicitate,</span> 
     </span>
     <span class='ocr_line' id='line_1_5' title="bbox 60 768 1278 852; baseline 0.002 -19"><span class='ocrx_word' id='word_1_21' title='bbox 60 788 185 851; x_wconf 87' lang='lat' dir='ltr'>quam</span> <span class='ocrx_word' id='word_1_22' title='bbox 213 768 278 850; x_wconf 88' lang='lat' dir='ltr'>alii,</span> <span class='ocrx_word' id='word_1_23' title='bbox 309 788 376 834; x_wconf 90' lang='lat' dir='ltr'>rern</span> <span class='ocrx_word' id='word_1_24' title='bbox 409 771 577 852; x_wconf 71' lang='lat' dir='ltr'>explicavit</span> <span class='ocrx_word' id='word_1_25' title='bbox 611 773 643 834; x_wconf 93' lang='lat' dir='ltr'>et</span> <span class='ocrx_word' id='word_1_26' title='bbox 671 769 781 834; x_wconf 91' lang='lat' dir='ltr'>bovem</span> <span class='ocrx_word' id='word_1_27' title='bbox 809 770 927 834; x_wconf 88' lang='lat' dir='ltr'>clavem</span> <span class='ocrx_word' id='word_1_28' title='bbox 953 769 1092 852; x_wconf 84' lang='lat' dir='ltr'>aliquam</span> <span class='ocrx_word' id='word_1_29' title='bbox 1120 769 1183 834; x_wconf 91' lang='lat' dir='ltr'>oris</span> <span class='ocrx_word' id='word_1_30' title='bbox 1211 788 1278 835; x_wconf 90' lang='lat' dir='ltr'>esse</span> 
     </span>
     <span class='ocr_line' id='line_1_6' title="bbox 62 879 859 964; baseline 0 -18"><span class='ocrx_word' id='word_1_31' title='bbox 62 881 211 947; x_wconf 88' lang='lat' dir='ltr'>statuit.</span> <span class='ocrx_word' id='word_1_32' title='bbox 257 879 304 947; x_wconf 80' lang='lat' dir='ltr'>ef.</span> <span class='ocrx_word' id='word_1_33' title='bbox 327 881 407 948; x_wconf 94' lang='lat' dir='ltr'>Phil.</span> <span class='ocrx_word' id='word_1_34' title='bbox 431 883 532 964; x_wconf 91' lang='lat' dir='ltr'>suppl.</span> <span class='ocrx_word' id='word_1_35' title='bbox 555 881 581 962; x_wconf 84' lang='grc' dir='ltr'>Ι,</span> <span class='ocrx_word' id='word_1_36' title='bbox 596 886 655 963; x_wconf 82' lang='lat' dir='ltr'>&#39;pg</span> <span class='ocrx_word' id='word_1_37' title='bbox 679 883 859 946; x_wconf 72' lang='lat' dir='ltr'>nas-233.</span> 
     </span>
    </p>

    <p class='ocr_par' dir='ltr' id='par_1_4' title="bbox 65 989 1277 1522">
     <span class='ocr_line' id='line_1_7' title="bbox 171 989 1277 1074; baseline 0.001 -18"><span class='ocrx_word' id='word_1_38' title='bbox 171 992 370 1058; x_wconf 86' lang='lat' dir='ltr'>Postremum</span> <span class='ocrx_word' id='word_1_39' title='bbox 392 1011 463 1058; x_wconf 90' lang='lat' dir='ltr'>curn</span> <span class='ocrx_word' id='word_1_40' title='bbox 478 993 597 1059; x_wconf 87' lang='lat' dir='ltr'>liechio</span> <span class='ocrx_word' id='word_1_41' title='bbox 618 1005 731 1074; x_wconf 90' lang='lat' dir='ltr'>sequor</span> <span class='ocrx_word' id='word_1_42' title='bbox 750 989 1027 1070; x_wconf 75' lang='lat' dir='ltr'>Schneidewinum</span> <span class='ocrx_word' id='word_1_43' title='bbox 1051 992 1106 1073; x_wconf 92' lang='lat' dir='ltr'>qui</span> <span class='ocrx_word' id='word_1_44' title='bbox 1128 992 1277 1074; x_wconf 83' lang='lat' dir='ltr'>exemplis</span> 
     </span>
     <span class='ocr_line' id='line_1_8' title="bbox 65 1100 1277 1189; baseline 0.001 -21"><span class='ocrx_word' id='word_1_45' title='bbox 65 1104 193 1169; x_wconf 89' lang='lat' dir='ltr'>allatis</span> <span class='ocrx_word' id='word_1_46' title='bbox 218 1101 301 1169; x_wconf 81' lang='grc' dir='ltr'><strong><em>ἑκών</em></strong></span> <span class='ocrx_word' id='word_1_47' title='bbox 323 1123 385 1169; x_wconf 92' lang='lat' dir='ltr'>non</span> <span class='ocrx_word' id='word_1_48' title='bbox 406 1106 511 1188; x_wconf 93' lang='lat' dir='ltr'>potius</span> <span class='ocrx_word' id='word_1_49' title='bbox 535 1123 605 1169; x_wconf 91' lang='lat' dir='ltr'>cum</span> <span class='ocrx_word' id='word_1_50' title='bbox 628 1100 733 1184; x_wconf 75' lang='grc' dir='ltr'><strong><em>αὐδῶ,</em></strong></span> <span class='ocrx_word' id='word_1_51' title='bbox 762 1122 858 1184; x_wconf 89' lang='lat' dir='ltr'>quam</span> <span class='ocrx_word' id='word_1_52' title='bbox 886 1121 956 1168; x_wconf 89' lang='lat' dir='ltr'>cum</span> <span class='ocrx_word' id='word_1_53' title='bbox 979 1102 1184 1189; x_wconf 69' lang='grc' dir='ltr'><strong><em>ἐπιλήθομαι</em></strong></span> <span class='ocrx_word' id='word_1_54' title='bbox 1205 1121 1277 1169; x_wconf 91' lang='lat' dir='ltr'>con-</span> 
     </span>
     <span class='ocr_line' id='line_1_9' title="bbox 65 1214 1276 1298; baseline 0 -18"><span class='ocrx_word' id='word_1_55' title='bbox 65 1216 278 1298; x_wconf 81' lang='lat' dir='ltr'>iungendam</span> <span class='ocrx_word' id='word_1_56' title='bbox 308 1217 430 1298; x_wconf 91' lang='lat' dir='ltr'>probat.</span> <span class='ocrx_word' id='word_1_57' title='bbox 481 1215 586 1298; x_wconf 87' lang='lat' dir='ltr'>Atque</span> <span class='ocrx_word' id='word_1_58' title='bbox 614 1215 743 1296; x_wconf 88' lang='lat' dir='ltr'>accedit,</span> <span class='ocrx_word' id='word_1_59' title='bbox 776 1215 860 1297; x_wconf 93' lang='lat' dir='ltr'>quod</span> <span class='ocrx_word' id='word_1_60' title='bbox 894 1220 998 1280; x_wconf 89' lang='lat' dir='ltr'>custos</span> <span class='ocrx_word' id='word_1_61' title='bbox 1024 1214 1161 1296; x_wconf 89' lang='lat' dir='ltr'>domum,</span> <span class='ocrx_word' id='word_1_62' title='bbox 1195 1233 1276 1296; x_wconf 90' lang='lat' dir='ltr'>quae</span> 
     </span>
     <span class='ocr_line' id='line_1_10' title="bbox 66 1321 1275 1410; baseline -0.002 -19"><span class='ocrx_word' id='word_1_63' title='bbox 66 1321 168 1408; x_wconf 89' lang='lat' dir='ltr'>loq&#39;ui</span> <span class='ocrx_word' id='word_1_64' title='bbox 207 1345 269 1392; x_wconf 94' lang='lat' dir='ltr'>non</span> <span class='ocrx_word' id='word_1_65' title='bbox 295 1328 404 1410; x_wconf 86' lang='lat' dir='ltr'>possit,</span> <span class='ocrx_word' id='word_1_66' title='bbox 438 1329 536 1393; x_wconf 91' lang='lat' dir='ltr'>etiam</span> <span class='ocrx_word' id='word_1_67' title='bbox 571 1328 713 1410; x_wconf 79' lang='lat' dir='ltr'>linguam</span> <span class='ocrx_word' id='word_1_68' title='bbox 746 1326 964 1408; x_wconf 82' lang='lat' dir='ltr'>concupiscere</span> <span class='ocrx_word' id='word_1_69' title='bbox 991 1326 1077 1407; x_wconf 84' lang='lat' dir='ltr'>dicit,</span> <span class='ocrx_word' id='word_1_70' title='bbox 1107 1330 1145 1389; x_wconf 88' lang='lat' dir='ltr'>ut</span> <span class='ocrx_word' id='word_1_71' title='bbox 1171 1326 1275 1391; x_wconf 92' lang='lat' dir='ltr'>omnia</span> 
     </span>
     <span class='ocr_line' id='line_1_11' title="bbox 67 1436 1276 1522; baseline 0.001 -21"><span class='ocrx_word' id='word_1_72' title='bbox 67 1443 219 1520; x_wconf 79' lang='lat' dir='ltr'>peroret,</span> <span class='ocrx_word' id='word_1_73' title='bbox 242 1457 276 1502; x_wconf 90' lang='lat' dir='ltr'>se</span> <span class='ocrx_word' id='word_1_74' title='bbox 297 1444 404 1504; x_wconf 88' lang='lat' dir='ltr'>tamen</span> <span class='ocrx_word' id='word_1_75' title='bbox 425 1459 484 1504; x_wconf 87' lang='lat' dir='ltr'>sua</span> <span class='ocrx_word' id='word_1_76' title='bbox 505 1444 615 1522; x_wconf 91' lang='lat' dir='ltr'>sponte</span> <span class='ocrx_word' id='word_1_77' title='bbox 637 1436 751 1522; x_wconf 78' lang='grc' dir='ltr'><strong><em>(ἑκών)</em></strong></span> <span class='ocrx_word' id='word_1_78' title='bbox 774 1438 943 1520; x_wconf 84' lang='lat' dir='ltr'>reprimere</span> <span class='ocrx_word' id='word_1_79' title='bbox 965 1439 1146 1503; x_wconf 89' lang='lat' dir='ltr'>orationem.</span> <span class='ocrx_word' id='word_1_80' title='bbox 1168 1472 1213 1484; x_wconf 88' lang='lat'>-</span> <span class='ocrx_word' id='word_1_81' title='bbox 1235 1475 1276 1484; x_wconf 96' lang='lat'>—</span> 
     </span>
    </p>

    <p class='ocr_par' dir='ltr' id='par_1_5' title="bbox 69 1548 1275 1967">
     <span class='ocr_line' id='line_1_12' title="bbox 169 1548 1274 1632; baseline -0.001 -18"><span class='ocrx_word' id='word_1_82' title='bbox 169 1548 333 1626; x_wconf 83' lang='lat' dir='ltr'>Quocirca,</span> <span class='ocrx_word' id='word_1_83' title='bbox 362 1551 390 1615; x_wconf 92' lang='lat' dir='ltr'>si</span> <span class='ocrx_word' id='word_1_84' title='bbox 417 1551 502 1616; x_wconf 91' lang='lat' dir='ltr'>istud</span> <span class='ocrx_word' id='word_1_85' title='bbox 528 1551 729 1632; x_wconf 80' lang='lat' dir='ltr'>prooemium,</span> <span class='ocrx_word' id='word_1_86' title='bbox 759 1549 842 1631; x_wconf 94' lang='lat' dir='ltr'>quod</span> <span class='ocrx_word' id='word_1_87' title='bbox 871 1550 1081 1614; x_wconf 88' lang='lat' dir='ltr'>concinnitate</span> <span class='ocrx_word' id='word_1_88' title='bbox 1108 1553 1140 1613; x_wconf 91' lang='lat' dir='ltr'>ct</span> <span class='ocrx_word' id='word_1_89' title='bbox 1169 1548 1274 1613; x_wconf 89' lang='lat' dir='ltr'>lucida</span> 
     </span>
     <span class='ocr_line' id='line_1_13' title="bbox 69 1659 1275 1742; baseline 0 -18"><span class='ocrx_word' id='word_1_90' title='bbox 69 1659 284 1726; x_wconf 88' lang='lat' dir='ltr'>distinctione</span> <span class='ocrx_word' id='word_1_91' title='bbox 304 1659 438 1726; x_wconf 89' lang='lat' dir='ltr'>forsitan</span> <span class='ocrx_word' id='word_1_92' title='bbox 460 1663 576 1726; x_wconf 81' lang='lat' dir='ltr'>inuitas</span> <span class='ocrx_word' id='word_1_93' title='bbox 597 1660 778 1742; x_wconf 84' lang='lat' dir='ltr'>tragoediae</span> <span class='ocrx_word' id='word_1_94' title='bbox 793 1660 949 1724; x_wconf 88' lang='lat' dir='ltr'>orationes</span> <span class='ocrx_word' id='word_1_95' title='bbox 973 1663 1163 1742; x_wconf 87' lang='lat' dir='ltr'>praevertat,</span> <span class='ocrx_word' id='word_1_96' title='bbox 1186 1659 1275 1742; x_wconf 87' lang='lat' dir='ltr'>paul·</span> 
     </span>
     <span class='ocr_line' id='line_1_14' title="bbox 70 1771 1273 1855; baseline -0.001 -19"><span class='ocrx_word' id='word_1_97' title='bbox 70 1772 181 1836; x_wconf 91' lang='lat' dir='ltr'>lulum</span> <span class='ocrx_word' id='word_1_98' title='bbox 196 1773 361 1855; x_wconf 84' lang='lat' dir='ltr'>explanavi</span> <span class='ocrx_word' id='word_1_99' title='bbox 375 1779 407 1838; x_wconf 89' lang='lat' dir='ltr'>ot</span> <span class='ocrx_word' id='word_1_100' title='bbox 422 1774 579 1839; x_wconf 89' lang='lat' dir='ltr'>declaravi</span> <span class='ocrx_word' id='word_1_101' title='bbox 593 1778 689 1854; x_wconf 87' lang='lat' dir='ltr'>atque</span> <span class='ocrx_word' id='word_1_102' title='bbox 704 1773 818 1836; x_wconf 91' lang='lat' dir='ltr'>miram</span> <span class='ocrx_word' id='word_1_103' title='bbox 833 1773 899 1838; x_wconf 89' lang='lat' dir='ltr'>cius</span> <span class='ocrx_word' id='word_1_104' title='bbox 914 1771 1124 1854; x_wconf 90' lang='lat' dir='ltr'>eloquentiam</span> <span class='ocrx_word' id='word_1_105' title='bbox 1140 1771 1273 1851; x_wconf 84' lang='lat' dir='ltr'>ostendi,</span> 
     </span>
     <span class='ocr_line' id='line_1_15' title="bbox 74 1870 1150 1967; baseline 0.002 -21"><span class='ocrx_word' id='word_1_106' title='bbox 74 1901 142 1947; x_wconf 92' lang='lat' dir='ltr'>non</span> <span class='ocrx_word' id='word_1_107' title='bbox 165 1884 257 1948; x_wconf 88' lang='lat' dir='ltr'>nihili</span> <span class='ocrx_word' id='word_1_108' title='bbox 279 1885 358 1950; x_wconf 92' lang='lat' dir='ltr'>duco</span> <span class='ocrx_word' id='word_1_109' title='bbox 379 1903 508 1967; x_wconf 85' lang='lat' dir='ltr'>operam</span> <span class='ocrx_word' id='word_1_110' title='bbox 529 1904 549 1950; x_wconf 89' lang='lat' dir='ltr'>a</span> <span class='ocrx_word' id='word_1_111' title='bbox 571 1903 621 1949; x_wconf 90' lang='lat' dir='ltr'>me</span> <span class='ocrx_word' id='word_1_112' title='bbox 642 1885 824 1965; x_wconf 87' lang='lat' dir='ltr'>impensam.</span> <span class='ocrx_word' id='word_1_113' title='bbox 1148 1870 1150 1874; x_wconf 36' lang='lat'><strong><em>¹</em></strong></span> 
     </span>
    </p>
   </div>
   <div class='ocr_carea' id='block_1_4' title="bbox 78 2119 1273 2541">
    <p class='ocr_par' dir='ltr' id='par_1_6' title="bbox 78 2119 1273 2299">
     <span class='ocr_line' id='line_1_16' title="bbox 168 2119 1273 2203; baseline -0.001 -16"><span class='ocrx_word' id='word_1_114' title='bbox 168 2124 238 2188; x_wconf 88' lang='lat' dir='ltr'>Iam</span> <span class='ocrx_word' id='word_1_115' title='bbox 271 2124 305 2187; x_wconf 93' lang='lat' dir='ltr'>in</span> <span class='ocrx_word' id='word_1_116' title='bbox 337 2124 423 2188; x_wconf 87' lang='lat' dir='ltr'>exitu</span> <span class='ocrx_word' id='word_1_117' title='bbox 454 2123 554 2188; x_wconf 90' lang='lat' dir='ltr'>libelii</span> <span class='ocrx_word' id='word_1_118' title='bbox 591 2122 757 2187; x_wconf 90' lang='lat' dir='ltr'>nonnullos</span> <span class='ocrx_word' id='word_1_119' title='bbox 799 2121 876 2186; x_wconf 88' lang='lat' dir='ltr'>aiios</span> <span class='ocrx_word' id='word_1_120' title='bbox 910 2120 1153 2203; x_wconf 85' lang='lat' dir='ltr'>Agamemnonis</span> <span class='ocrx_word' id='word_1_121' title='bbox 1189 2119 1273 2186; x_wconf 88' lang='lat' dir='ltr'>locos</span> 
     </span>
     <span class='ocr_line' id='line_1_17' title="bbox 78 2233 715 2299; baseline -0.003 -1"><span class='ocrx_word' id='word_1_122' title='bbox 78 2233 235 2299; x_wconf 87' lang='lat' dir='ltr'>tractabo.</span> <span class='ocrx_word' id='word_1_123' title='bbox 709 2246 715 2256; x_wconf 89' lang='lat'>·</span> 
     </span>
    </p>

    <p class='ocr_par' dir='ltr' id='par_1_7' title="bbox 167 2343 915 2541">
     <span class='ocr_line' id='line_1_18' title="bbox 167 2343 789 2426; baseline -0.006 -16"><span class='ocrx_word' id='word_1_124' title='bbox 167 2345 286 2411; x_wconf 88' lang='lat' dir='ltr'>Versus</span> <span class='ocrx_word' id='word_1_125' title='bbox 307 2343 406 2425; x_wconf 85' lang='lat' dir='ltr'>igitur</span> <span class='ocrx_word' id='word_1_126' title='bbox 429 2347 473 2409; x_wconf 80' lang='lat'>60</span> <span class='ocrx_word' id='word_1_127' title='bbox 492 2361 537 2426; x_wconf 90' lang='lat' dir='ltr'>sq.</span> <span class='ocrx_word' id='word_1_128' title='bbox 561 2343 605 2409; x_wconf 94' lang='lat' dir='ltr'>sic</span> <span class='ocrx_word' id='word_1_129' title='bbox 626 2345 789 2424; x_wconf 88' lang='lat' dir='ltr'>leguntur:</span> 
     </span>
     <span class='ocr_line' id='line_1_19' title="bbox 237 2436 915 2541; baseline -0.003 -21"><span class='ocrx_word' id='word_1_130' title='bbox 237 2457 324 2520; x_wconf 80' lang='grc' dir='ltr'><strong><em>οὕτω</em></strong></span> <span class='ocrx_word' id='word_1_131' title='bbox 348 2453 379 2520; x_wconf 74' lang='grc' dir='ltr'>δ’</span> <span class='ocrx_word' id='word_1_132' title='bbox 402 2436 539 2541; x_wconf 79' lang='grc' dir='ltr'><strong><em>’Λτρέιος</em></strong></span> <span class='ocrx_word' id='word_1_133' title='bbox 560 2455 688 2530; x_wconf 75' lang='grc' dir='ltr'><strong><em>παῖδας</em></strong></span> <span class='ocrx_word' id='word_1_134' title='bbox 710 2451 729 2519; x_wconf 79' lang='grc' dir='ltr'><em>ὅ</em></span> <span class='ocrx_word' id='word_1_135' title='bbox 751 2442 915 2539; x_wconf 78' lang='grc' dir='ltr'><strong><em>κρείσσων</em></strong></span> 
     </span>
    </p>
   </div>
   <div class='ocr_carea' id='block_1_5' title="bbox 88 2563 1269 4191">
    <p class='ocr_par' dir='ltr' id='par_1_8' title="bbox 238 2563 784 2655">
     <span class='ocr_line' id='line_1_20' title="bbox 238 2563 784 2655; baseline -0.002 -25"><span class='ocrx_word' id='word_1_136' title='bbox 238 2567 282 2630; x_wconf 79' lang='grc' dir='ltr'>ἐπ</span> <span class='ocrx_word' id='word_1_137' title='bbox 303 2563 508 2655; x_wconf 70' lang='grc' dir='ltr'><strong><em>Ἀλεξάνδρῳ</em></strong></span> <span class='ocrx_word' id='word_1_138' title='bbox 531 2571 656 2649; x_wconf 79' lang='grc' dir='ltr'><em>πέμπει</em></span> <span class='ocrx_word' id='word_1_139' title='bbox 679 2567 784 2642; x_wconf 80' lang='grc' dir='ltr'><strong><em>ξένιος</em></strong></span> 
     </span>
    </p>

    <p class='ocr_par' dir='ltr' id='par_1_9' title="bbox 238 2673 843 2762">
     <span class='ocr_line' id='line_1_21' title="bbox 238 2673 843 2762; baseline -0.007 -19"><span class='ocrx_word' id='word_1_140' title='bbox 238 2676 330 2756; x_wconf 62' lang='lat' dir='ltr'>Zetis,</span> <span class='ocrx_word' id='word_1_141' title='bbox 353 2677 560 2762; x_wconf 77' lang='grc' dir='ltr'><strong><em>πολυάνορος</em></strong></span> <span class='ocrx_word' id='word_1_142' title='bbox 581 2673 668 2762; x_wconf 72' lang='lat' dir='ltr'>cippi</span> <span class='ocrx_word' id='word_1_143' title='bbox 690 2674 843 2759; x_wconf 75' lang='grc' dir='ltr'><strong><em>γυναικὸς</em></strong></span> 
     </span>
    </p>

    <p class='ocr_par' dir='ltr' id='par_1_10' title="bbox 236 2789 862 2874">
     <span class='ocr_line' id='line_1_22' title="bbox 236 2789 862 2874; baseline -0.003 -21"><span class='ocrx_word' id='word_1_144' title='bbox 236 2789 348 2854; x_wconf 76' lang='grc' dir='ltr'><strong><em>πολλὰ</em></strong></span> <span class='ocrx_word' id='word_1_145' title='bbox 369 2789 591 2871; x_wconf 75' lang='grc' dir='ltr'><strong><em>παλαίσματα</em></strong></span> <span class='ocrx_word' id='word_1_146' title='bbox 614 2795 670 2852; x_wconf 80' lang='grc' dir='ltr'>καί</span> <span class='ocrx_word' id='word_1_147' title='bbox 692 2789 862 2874; x_wconf 77' lang='grc' dir='ltr'><strong><em>γυιοβαρῆ,</em></strong></span> 
     </span>
    </p>

    <p class='ocr_par' dir='ltr' id='par_1_11' title="bbox 234 2897 834 2986">
     <span class='ocr_line' id='line_1_23' title="bbox 234 2897 834 2986; baseline -0.005 -21"><span class='ocrx_word' id='word_1_148' title='bbox 234 2897 373 2982; x_wconf 73' lang='grc' dir='ltr'><strong><em>γόνατος</em></strong></span> <span class='ocrx_word' id='word_1_149' title='bbox 395 2901 560 2964; x_wconf 76' lang='grc' dir='ltr'><strong><em>κονίαισιν</em></strong></span> <span class='ocrx_word' id='word_1_150' title='bbox 582 2898 834 2986; x_wconf 56' lang='grc' dir='ltr'><strong><em>ἕρειπομένοοί)</em></strong></span> 
     </span>
    </p>

    <p class='ocr_par' dir='ltr' id='par_1_12' title="bbox 237 3007 825 3096">
     <span class='ocr_line' id='line_1_24' title="bbox 237 3007 825 3096; baseline -0.002 -22"><span class='ocrx_word' id='word_1_151' title='bbox 237 3010 489 3096; x_wconf 76' lang='grc' dir='ltr'><strong><em>διακναιομένης</em></strong></span> <span class='ocrx_word' id='word_1_152' title='bbox 511 3007 540 3074; x_wconf 86' lang='grc' dir='ltr'>τ’</span> <span class='ocrx_word' id='word_1_153' title='bbox 565 3011 601 3076; x_wconf 77' lang='grc' dir='ltr'>ἐν</span> <span class='ocrx_word' id='word_1_154' title='bbox 622 3007 825 3096; x_wconf 81' lang='grc' dir='ltr'><strong><em>προτελείοις</em></strong></span> 
     </span>
    </p>

    <p class='ocr_par' dir='ltr' id='par_1_13' title="bbox 236 3120 535 3208">
     <span class='ocr_line' id='line_1_25' title="bbox 236 3120 535 3208; baseline -0.003 -21"><span class='ocrx_word' id='word_1_155' title='bbox 236 3121 392 3206; x_wconf 77' lang='grc' dir='ltr'><strong><em>κάμακος,</em></strong></span> <span class='ocrx_word' id='word_1_156' title='bbox 416 3120 535 3208; x_wconf 76' lang='grc' dir='ltr'><strong><em>θήσων</em></strong></span> 
     </span>
    </p>

    <p class='ocr_par' dir='ltr' id='par_1_14' title="bbox 234 3231 1252 3321">
     <span class='ocr_line' id='line_1_26' title="bbox 234 3231 1252 3321; baseline -0.004 -23"><span class='ocrx_word' id='word_1_157' title='bbox 234 3240 419 3301; x_wconf 76' lang='grc' dir='ltr'><strong><em>Δαναοῖσιν</em></strong></span> <span class='ocrx_word' id='word_1_158' title='bbox 446 3238 557 3321; x_wconf 88' lang='grc' dir='ltr'><strong><em>Τρωσί</em></strong></span> <span class='ocrx_word' id='word_1_159' title='bbox 578 3231 617 3298; x_wconf 73' lang='grc' dir='ltr'>θ’</span> <span class='ocrx_word' id='word_1_160' title='bbox 639 3231 780 3316; x_wconf 79' lang='grc' dir='ltr'>ὁμοίως.Ι</span> <span class='ocrx_word' id='word_1_161' title='bbox 1250 3311 1252 3316; x_wconf 23' lang='grc' dir='ltr'>Ι</span> 
     </span>
    </p>

    <p class='ocr_par' dir='ltr' id='par_1_15' title="bbox 88 3341 1269 3762">
     <span class='ocr_line' id='line_1_27' title="bbox 167 3341 1269 3428; baseline -0.004 -18"><span class='ocrx_word' id='word_1_162' title='bbox 167 3346 426 3427; x_wconf 89' lang='lat' dir='ltr'>Disceptaverunt</span> <span class='ocrx_word' id='word_1_163' title='bbox 449 3350 554 3410; x_wconf 88' lang='lat' dir='ltr'>autom</span> <span class='ocrx_word' id='word_1_164' title='bbox 577 3346 764 3426; x_wconf 89' lang='lat' dir='ltr'>interpretes</span> <span class='ocrx_word' id='word_1_165' title='bbox 785 3343 825 3408; x_wconf 91' lang='lat' dir='ltr'>de</span> <span class='ocrx_word' id='word_1_166' title='bbox 849 3341 1076 3428; x_wconf 80' lang='grc' dir='ltr'><strong><em>,,προτέλεια“,</em></strong></span> <span class='ocrx_word' id='word_1_167' title='bbox 1099 3360 1175 3405; x_wconf 91' lang='lat' dir='ltr'>num</span> <span class='ocrx_word' id='word_1_168' title='bbox 1198 3360 1269 3406; x_wconf 91' lang='lat' dir='ltr'>cum</span> 
     </span>
     <span class='ocr_line' id='line_1_28' title="bbox 88 3452 1267 3543; baseline -0.004 -21"><span class='ocrx_word' id='word_1_169' title='bbox 88 3457 247 3522; x_wconf 88' lang='lat' dir='ltr'>scholiasta</span> <span class='ocrx_word' id='word_1_170' title='bbox 276 3455 334 3537; x_wconf 86' lang='grc' dir='ltr'><strong><em>,,αί</em></strong></span> <span class='ocrx_word' id='word_1_171' title='bbox 361 3456 428 3543; x_wconf 74' lang='grc' dir='ltr'>πρὸ</span> <span class='ocrx_word' id='word_1_172' title='bbox 456 3460 512 3542; x_wconf 81' lang='grc' dir='ltr'>τῆς</span> <span class='ocrx_word' id='word_1_173' title='bbox 538 3453 692 3531; x_wconf 81' lang='grc' dir='ltr'><strong><em>ἁλώσεως</em></strong></span> <span class='ocrx_word' id='word_1_174' title='bbox 719 3453 845 3539; x_wconf 70' lang='grc' dir='ltr'>μοίραιιι</span> <span class='ocrx_word' id='word_1_175' title='bbox 868 3453 1099 3535; x_wconf 86' lang='lat' dir='ltr'>intellegendae</span> <span class='ocrx_word' id='word_1_176' title='bbox 1121 3452 1194 3535; x_wconf 87' lang='lat' dir='ltr'>sint,</span> <span class='ocrx_word' id='word_1_177' title='bbox 1226 3472 1267 3519; x_wconf 89' lang='lat' dir='ltr'>an</span> 
     </span>
     <span class='ocr_line' id='line_1_29' title="bbox 90 3564 1267 3651; baseline -0.003 -20"><span class='ocrx_word' id='word_1_178' title='bbox 90 3569 251 3634; x_wconf 87' lang='lat' dir='ltr'>immolatio</span> <span class='ocrx_word' id='word_1_179' title='bbox 274 3569 457 3651; x_wconf 88' lang='lat' dir='ltr'>iphigeniae</span> <span class='ocrx_word' id='word_1_180' title='bbox 486 3573 519 3632; x_wconf 92' lang='lat' dir='ltr'>et</span> <span class='ocrx_word' id='word_1_181' title='bbox 544 3569 717 3633; x_wconf 90' lang='lat' dir='ltr'>retardatio</span> <span class='ocrx_word' id='word_1_182' title='bbox 746 3567 909 3633; x_wconf 84' lang='lat' dir='ltr'>exercitus.</span> <span class='ocrx_word' id='word_1_183' title='bbox 953 3565 1044 3630; x_wconf 90' lang='lat' dir='ltr'>Hanc</span> <span class='ocrx_word' id='word_1_184' title='bbox 1066 3564 1149 3629; x_wconf 89' lang='lat' dir='ltr'>enim</span> <span class='ocrx_word' id='word_1_185' title='bbox 1170 3565 1267 3630; x_wconf 90' lang='lat' dir='ltr'>inter-</span> 
     </span>
     <span class='ocr_line' id='line_1_30' title="bbox 90 3676 1110 3762; baseline -0.005 -16"><span class='ocrx_word' id='word_1_186' title='bbox 90 3683 288 3762; x_wconf 87' lang='lat' dir='ltr'>pretationem</span> <span class='ocrx_word' id='word_1_187' title='bbox 310 3680 485 3745; x_wconf 89' lang='lat' dir='ltr'>Ahrensius</span> <span class='ocrx_word' id='word_1_188' title='bbox 507 3686 623 3760; x_wconf 82' lang='lat' dir='ltr'>tuetur,</span> <span class='ocrx_word' id='word_1_189' title='bbox 646 3680 733 3744; x_wconf 91' lang='lat' dir='ltr'>iliam</span> <span class='ocrx_word' id='word_1_190' title='bbox 756 3678 1018 3743; x_wconf 89' lang='lat' dir='ltr'>Panzerbieterus</span> <span class='ocrx_word' id='word_1_191' title='bbox 1040 3676 1060 3742; x_wconf 95' lang='lat' dir='ltr'>l.</span> <span class='ocrx_word' id='word_1_192' title='bbox 1084 3694 1110 3741; x_wconf 93' lang='lat' dir='ltr'>c.</span> 
     </span>
    </p>

    <p class='ocr_par' dir='ltr' id='par_1_16' title="bbox 92 3787 1267 4191">
     <span class='ocr_line' id='line_1_31' title="bbox 167 3787 1267 3874; baseline -0.005 -18"><span class='ocrx_word' id='word_1_193' title='bbox 167 3792 262 3874; x_wconf 84' lang='lat' dir='ltr'>Atqui</span> <span class='ocrx_word' id='word_1_194' title='bbox 284 3809 346 3856; x_wconf 91' lang='lat' dir='ltr'>non</span> <span class='ocrx_word' id='word_1_195' title='bbox 369 3792 518 3857; x_wconf 91' lang='lat' dir='ltr'>dissensio</span> <span class='ocrx_word' id='word_1_196' title='bbox 533 3791 654 3871; x_wconf 84' lang='lat' dir='ltr'>luisset,</span> <span class='ocrx_word' id='word_1_197' title='bbox 676 3791 704 3855; x_wconf 93' lang='lat' dir='ltr'>si</span> <span class='ocrx_word' id='word_1_198' title='bbox 719 3809 826 3856; x_wconf 87' lang='lat' dir='ltr'>omnes</span> <span class='ocrx_word' id='word_1_199' title='bbox 841 3795 874 3854; x_wconf 89' lang='lat' dir='ltr'>et</span> <span class='ocrx_word' id='word_1_200' title='bbox 890 3789 1056 3870; x_wconf 90' lang='lat' dir='ltr'>diligenter</span> <span class='ocrx_word' id='word_1_201' title='bbox 1078 3787 1267 3852; x_wconf 88' lang='lat' dir='ltr'>sententiam</span> 
     </span>
     <span class='ocr_line' id='line_1_32' title="bbox 92 3897 1265 3986; baseline -0.003 -17"><span class='ocrx_word' id='word_1_202' title='bbox 92 3903 288 3986; x_wconf 88' lang='lat' dir='ltr'>percepissent</span> <span class='ocrx_word' id='word_1_203' title='bbox 318 3907 351 3966; x_wconf 90' lang='lat' dir='ltr'>et</span> <span class='ocrx_word' id='word_1_204' title='bbox 378 3902 411 3965; x_wconf 92' lang='lat' dir='ltr'>in</span> <span class='ocrx_word' id='word_1_205' title='bbox 434 3904 584 3968; x_wconf 89' lang='lat' dir='ltr'>memoria</span> <span class='ocrx_word' id='word_1_206' title='bbox 604 3902 789 3967; x_wconf 88' lang='lat' dir='ltr'>habuissent</span> <span class='ocrx_word' id='word_1_207' title='bbox 817 3901 919 3966; x_wconf 89' lang='lat' dir='ltr'>locum</span> <span class='ocrx_word' id='word_1_208' title='bbox 948 3899 1105 3980; x_wconf 89' lang='lat' dir='ltr'>quendam</span> <span class='ocrx_word' id='word_1_209' title='bbox 1126 3897 1265 3966; x_wconf 67' lang='lat' dir='ltr'>Homeri,</span> 
     </span>
     <span class='ocr_line' id='line_1_33' title="bbox 93 4010 1265 4098; baseline -0.006 -18"><span class='ocrx_word' id='word_1_210' title='bbox 93 4034 172 4098; x_wconf 87' lang='lat' dir='ltr'>quern</span> <span class='ocrx_word' id='word_1_211' title='bbox 192 4013 380 4096; x_wconf 87' lang='lat' dir='ltr'>Aeschylum</span> <span class='ocrx_word' id='word_1_212' title='bbox 403 4013 563 4077; x_wconf 89' lang='lat' dir='ltr'>imitatum</span> <span class='ocrx_word' id='word_1_213' title='bbox 590 4032 659 4079; x_wconf 92' lang='lat' dir='ltr'>esse</span> <span class='ocrx_word' id='word_1_214' title='bbox 684 4013 794 4096; x_wconf 90' lang='lat' dir='ltr'>liquet.</span> <span class='ocrx_word' id='word_1_215' title='bbox 839 4012 984 4092; x_wconf 89' lang='lat' dir='ltr'>Namque</span> <span class='ocrx_word' id='word_1_216' title='bbox 1006 4014 1132 4074; x_wconf 84' lang='lat' dir='ltr'>exstant</span> <span class='ocrx_word' id='word_1_217' title='bbox 1153 4010 1265 4075; x_wconf 90' lang='lat' dir='ltr'>haecce</span> 
     </span>
     <span class='ocr_line' id='line_1_34' title="bbox 94 4123 800 4191; baseline -0.006 0"><span class='ocrx_word' id='word_1_218' title='bbox 94 4127 123 4191; x_wconf 91' lang='lat' dir='ltr'>in</span> <span class='ocrx_word' id='word_1_219' title='bbox 140 4125 241 4190; x_wconf 86' lang='lat' dir='ltr'>iliadis</span> <span class='ocrx_word' id='word_1_220' title='bbox 263 4125 401 4190; x_wconf 87' lang='lat' dir='ltr'>carmine</span> <span class='ocrx_word' id='word_1_221' title='bbox 422 4123 522 4191; x_wconf 87' lang='lat' dir='ltr'>altero</span> <span class='ocrx_word' id='word_1_222' title='bbox 543 4124 617 4190; x_wconf 92' lang='lat' dir='ltr'>inde</span> <span class='ocrx_word' id='word_1_223' title='bbox 638 4143 658 4189; x_wconf 86' lang='lat' dir='ltr'>a</span> <span class='ocrx_word' id='word_1_224' title='bbox 679 4143 725 4190; x_wconf 94' lang='lat' dir='ltr'>vs.</span> <span class='ocrx_word' id='word_1_225' title='bbox 750 4127 800 4188; x_wconf 83' lang='lat'>37.</span> 
     </span>
    </p>
   </div>
   <div class='ocr_carea' id='block_1_6' title="bbox 157 4341 1061 4492">
    <p class='ocr_par' dir='ltr' id='par_1_17' title="bbox 157 4341 1061 4492">
     <span class='ocr_line' id='line_1_35' title="bbox 157 4341 990 4418; baseline -0.008 -18"><span class='ocrx_word' id='word_1_226' title='bbox 157 4347 175 4414; x_wconf 86' lang='lat'>¹)</span> <span class='ocrx_word' id='word_1_227' title='bbox 191 4346 231 4400; x_wconf 82' lang='lat' dir='ltr'>sic</span> <span class='ocrx_word' id='word_1_228' title='bbox 249 4343 320 4400; x_wconf 86' lang='lat' dir='ltr'>enim</span> <span class='ocrx_word' id='word_1_229' title='bbox 338 4359 399 4400; x_wconf 81' lang='lat' dir='ltr'>cunr</span> <span class='ocrx_word' id='word_1_230' title='bbox 420 4345 556 4402; x_wconf 75' lang='grc' dir='ltr'><strong><em>Δίποοιὶο</em></strong></span> <span class='ocrx_word' id='word_1_231' title='bbox 576 4343 719 4400; x_wconf 81' lang='lat' dir='ltr'>scribimus</span> <span class='ocrx_word' id='word_1_232' title='bbox 736 4359 787 4414; x_wconf 87' lang='lat' dir='ltr'>pro</span> <span class='ocrx_word' id='word_1_233' title='bbox 805 4341 990 4418; x_wconf 72' lang='grc' dir='ltr'><strong><em>λριισομλιοο.</em></strong></span> 
     </span>
     <span class='ocr_line' id='line_1_36' title="bbox 1009 4438 1061 4492; baseline 0 -16"><span class='ocrx_word' id='word_1_234' title='bbox 1009 4438 1028 4492; x_wconf 79' lang='lat' dir='ltr'>g</span> <span class='ocrx_word' id='word_1_235' title='bbox 1045 4441 1061 4476; x_wconf 79' lang='grc' dir='ltr'><strong><em>ι</em></strong></span> 
     </span>
    </p>
   </div>
   <div class='ocr_carea' id='block_1_7' title="bbox 0 0 1606 5048">
    <p class='ocr_par' dir='ltr' id='par_1_18' title="bbox 0 0 1606 5048">
     <span class='ocr_line' id='line_1_37' title="bbox 0 0 1606 5048; baseline 0 0"><span class='ocrx_word' id='word_1_236' title='bbox 0 0 1606 5048; x_wconf 95' lang='lat' dir='ltr'> </span> 
     </span>
    </p>
   </div>
  </div>
 </body>
</html>
