3204 5048
96 553 162 612 καί
185 547 248 612 νῦν
269 563 340 610 cum
362 539 417 609 dat
436 548 500 628 pir
514 547 564 626 sq.'
582 545 783 611 coniunctum
804 563 872 612 esse
894 549 991 628 patet.
1025 545 1185 610 Nauckius
1199 544 1298 626 igitur

98 659 145 723 ad
170 657 278 722 Aiacis
300 657 403 720 locum
431 656 542 721 citavit
570 655 815 738 Agamemnonis
842 675 951 722 versus
974 659 1160 722 587-598
1184 675 1204 721 a
1226 655 1295 738 Gly-

99 771 301 834 taemnestra
322 768 486 833 recitatos:

264 874 457 957 ἀνωλόλυξα
478 883 541 962 μὲν
561 875 669 943 πάλαι
689 880 795 965 χαρᾶς
816 878 885 944 ὕπο

263 1107 319 1166 καί
340 1103 402 1167 νίν
422 1100 465 1166 τοὶ
486 1101 604 1186 μάσσω
625 1104 688 1185 μὲν
708 1105 742 1166 τί
763 1100 818 1166 δεῖ
838 1099 869 1166 α’
892 1099 966 1183 ἐμοὶ
987 1099 1114 1186 inirem

104 1208 224 1274 deinde
248 1211 359 1276 attulit
380 1212 511 1293 Lucian,
534 1212 607 1278 dial.
631 1231 708 1277 mar.
732 1215 763 1292 8,
789 1216 824 1277 1:

262 1322 370 1388 πάλαι
389 1327 452 1406 μὲν
472 1323 510 1388 τδ
534 1327 590 1410 τῆς
609 1321 709 1399 Ἰνοῦς
729 1322 873 1388 παιδίον
901 1322 959 1389 ἐπὶ
986 1321 1046 1388 τδν
1067 1319 1204 1407 Ἰσθμὸν
1227 1322 1298 1388 δνο-

263 1438 384 1518 μίσατε
406 1443 464 1500 καὶ
485 1437 548 1501 νῦν
569 1453 614 1516 sq.

195 1543 314 1622 Quibus
328 1546 475 1613 addimus
484 1546 661 1626 exemplum
672 1565 709 1610 ex
717 1545 945 1612 Eumenidibus
956 1546 1101 1627 petitum,
1119 1544 1173 1610 ubi
1190 1562 1299 1608 manes

106 1655 379 1740 Clytaemnestrae
400 1658 479 1722 haee
501 1657 610 1722 dicunt
631 1656 664 1720 in
685 1675 730 1722 vs.
756 1661 817 1721 106
841 1675 886 1739 sq.

262 1763 282 1853 η’
306 1766 415 1832 πολλοὶ
438 1771 501 1850 μὲν
523 1767 563 1852 δὴ
585 1770 653 1832 ττδν
675 1768 764 1850 ἐμιίν
786 1768 932 1846 ἐλείξατε

264 1878 345 1960 χοάς
365 1873 395 1942 τ’
418 1876 555 1954 αόίνοος
575 1878 722 1964 νηφάλια
736 1881 942 1964 ,μειλίγματα

263 1998 320 2055 καὶ
340 1994 546 2075 νυκτίσεμνα
567 1988 677 2055 δεῖπν’
700 1987 754 2055 ἐπ’
778 1990 907 2078 ἕσχαρᾷ
923 1990 1030 2077 πνρὸς

266 2102 381 2182 ἔθεον,
405 2101 498 2186 ὥραν
519 2098 654 2177 οὐδενὸς
675 2101 788 2188 κοινὴν
808 2105 904 2168 θεοῦ.

265 2221 322 2278 καὶ
344 2210 461 2278 πάντα
482 2215 589 2277 ταῦτα
611 2212 675 2292 λδξ
699 2209 767 2299 δρῶ
788 2212 992 2296 πατούμενα.

198 2321 286 2400 Quae
306 2341 434 2405 prorsus
455 2323 602 2389 similiter
622 2342 656 2390 se
679 2324 806 2404 habent,
833 2325 961 2390 tametsi
983 2325 1016 2389 in
1038 2325 1139 2390 altero
1159 2324 1300 2390 membro

112 2452 170 2500 vox
191 2435 254 2500 νίν
274 2434 371 2500 deest.
418 2433 465 2502 Cf.
488 2440 651 2517 praeterea
672 2435 784 2501 Aesch.
814 2435 905 2500 Eum.
936 2453 980 2500 vs.
1005 2439 1145 2500 64-67
1169 2440 1202 2500 et
1224 2435 1299 2499 Eur.

113 2545 180 2612 Ion.
206 2548 428 2612 1375-1380.
466 2545 616 2612 Attamen
637 2555 695 2613 zat
716 2550 778 2613 νῦν
799 2547 840 2612 ad
861 2549 924 2629 μέν
944 2546 1071 2627 aliquod
1092 2565 1155 2612 non
1179 2565 1302 2628 semper

114 2655 312 2722 referendum
332 2675 409 2740 esse,
431 2677 604 2741 permagna
625 2660 762 2724 locorum
784 2658 954 2724 multitudo
976 2658 1094 2723 edocet.

198 2766 260 2833 Sed
289 2772 397 2833 nostro
424 2769 493 2832 loco
518 2769 635 2833 alicubi
663 2777 721 2835 zat
747 2771 810 2834 νῦν
836 2775 969 2849 exstare,
999 2785 1081 2850 qnae
1107 2767 1149 2832 ad
1170 2770 1232 2850 μέν
1254 2783 1302 2830 re-

114 2877 242 2944 ferenda
263 2876 337 2957 sint,
360 2881 393 2942 et
414 2895 483 2943 esse
503 2882 575 2962 μέν,
605 2881 656 2945 cui
682 2889 740 2946 καὶ
767 2883 830 2947 νῦν
856 2887 966 2962 postea
994 2879 1148 2959 concinat,
1175 2895 1303 2960 prorsus

115 2989 245 3056 affirmo.
293 2988 438 3070 Namque
464 2989 706 3071 Agamemnonis
739 3009 784 3056 vs.
815 2994 835 3056 8
865 3011 937 3058 cum
966 2992 1068 3074 primo
1104 3007 1197 3055 versu
1231 2980 1303 3055 con-

116 3101 242 3183 iungere
263 3100 429 3166 debemus:

267 3219 324 3278 nal
345 3211 407 3278 νίν
429 3211 592 3298 ociciaco
615 3211 794 3298 λαμπάδος
814 3212 853 3278 τδ
877 3211 1044 3298 σύμβολον
1065 3229 1110 3294 sq.

199 3322 354 3389 Videlicet
376 3324 439 3389 iam
462 3323 566 3389 omnia
588 3329 672 3391 recte
694 3325 867 3405 procedunt
889 3330 986 3406 atque
1014 3325 1111 3389 etiam
1132 3321 1301 3402 nonnullis,

118 3451 195 3516 quae
216 3434 250 3497 in
270 3435 321 3499 his
341 3435 484 3500 versibus
506 3434 604 3500 dubia
625 3441 728 3516 erant,
757 3435 917 3517 egregiam
945 3436 1045 3500 lucem
1067 3433 1173 3500 afferri
1194 3434 1304 3500 statim

119 3545 299 3612 videbimus.

198 3656 325 3721 Etenim
350 3655 529 3723 Wunderus
559 3657 580 3721 l.
607 3675 634 3721 o.
670 3656 711 3721 de
737 3655 842 3722 verbis
876 3660 1027 3743 φρουραῖς
1063 3656 1171 3732 ἐτείας
1204 3657 1305 3740 μῆκος

118 3767 263 3834 disseruit
290 3773 387 3848 atque
414 3768 628 3834 accusativum
659 3768 811 3850 temporis
838 3787 906 3834 esse
928 3767 1074 3834 decrevit.
1121 3766 1219 3831 Cuius
1241 3767 1306 3848 opi-

118 3879 208 3960 nioni,
234 3878 308 3944 licet
328 3896 411 3943 nunc
432 3880 558 3962 plurimi
579 3879 724 3946 homines
752 3878 836 3944 docti
863 3879 1063 3958 assenserint,
1092 3881 1200 3942 tamen
1221 3877 1306 3942 iusta

120 4007 209 4056 causa
230 3989 349 4071 deerat,
376 4008 458 4072 quae
485 3990 531 4056 eis
558 3990 745 4070 obiceretur,
771 3991 827 4074 qui
854 3992 958 4056 minus
988 3988 1200 4054 accusativum
1226 3993 1306 4054 tem·

120 4103 207 4184 poris,
241 4119 337 4183 quam
373 4103 601 4185 appositionem
637 4102 742 4168 verbis
779 4102 934 4167 contineri
970 4100 1125 4166 dixerunt.
1178 4098 1306 4179 Verum,

120 4219 316 4296 posteaquam
337 4231 420 4280 nunc
441 4211 736 4290 demonstravimus,
760 4219 819 4277 nat
833 4214 896 4278 νῦν
917 4227 1141 4292 saepenumero
1156 4227 1228 4274 cum
1243 4213 1306 4293 μέν

121 4325 259 4408 emungi
280 4329 313 4390 et
333 4341 372 4390 ea
392 4325 591 4407 potissimum
613 4321 795 4390 condicione
815 4323 849 4388 id
871 4322 948 4404 lieri,
973 4319 1079 4402 siqua
1093 4319 1307 4385 multitudinis
