<?xml version="1.0" encoding="UTF-8"?>
<!DOCTYPE html PUBLIC "-//W3C//DTD XHTML 1.0 Transitional//EN"
    "http://www.w3.org/TR/xhtml1/DTD/xhtml1-transitional.dtd">
<html xmlns="http://www.w3.org/1999/xhtml" xml:lang="en" lang="en">
 <head>
  <title>
</title>
<meta http-equiv="Content-Type" content="text/html;charset=utf-8" />
  <meta name='ocr-system' content='tesseract 3.04.00' />
  <meta name='ocr-capabilities' content='ocr_page ocr_carea ocr_par ocr_line ocrx_word'/>
</head>
<body>
  <div class='ocr_page' id='page_1' title='image "./quaestionumaesc00bormgoog_0022.png"; bbox 0 0 3204 5048; ppageno 0'>
   <div class='ocr_carea' id='block_1_1' title="bbox 698 345 738 408">
    <p class='ocr_par' dir='ltr' id='par_1_1' title="bbox 698 345 738 408">
     <span class='ocr_line' id='line_1_1' title="bbox 698 345 738 408; baseline -0.05 0"><span class='ocrx_word' id='word_1_1' title='bbox 698 345 738 408; x_wconf 83' lang='lat'>17</span> 
     </span>
    </p>
   </div>
   <div class='ocr_carea' id='block_1_2' title="bbox 119 547 1314 4307">
    <p class='ocr_par' dir='ltr' id='par_1_2' title="bbox 122 547 1314 1078">
     <span class='ocr_line' id='line_1_2' title="bbox 209 547 1314 632; baseline 0 -18"><span class='ocrx_word' id='word_1_2' title='bbox 209 549 291 614; x_wconf 86' lang='lat' dir='ltr'>Nam</span> <span class='ocrx_word' id='word_1_3' title='bbox 313 549 342 615; x_wconf 90' lang='lat' dir='ltr'>si</span> <span class='ocrx_word' id='word_1_4' title='bbox 363 547 535 630; x_wconf 78' lang='lat' dir='ltr'><strong>imaginem</strong></span> <span class='ocrx_word' id='word_1_5' title='bbox 556 547 648 613; x_wconf 86' lang='lat' dir='ltr'>istius</span> <span class='ocrx_word' id='word_1_6' title='bbox 671 547 808 614; x_wconf 86' lang='lat' dir='ltr'>custodis</span> <span class='ocrx_word' id='word_1_7' title='bbox 834 549 927 630; x_wconf 85' lang='lat' dir='ltr'>quasi</span> <span class='ocrx_word' id='word_1_8' title='bbox 954 548 1144 632; x_wconf 80' lang='lat' dir='ltr'>cogitatione</span> <span class='ocrx_word' id='word_1_9' title='bbox 1166 547 1314 614; x_wconf 86' lang='lat' dir='ltr'>determi-</span> 
     </span>
     <span class='ocr_line' id='line_1_3' title="bbox 123 659 1312 742; baseline -0.002 -16"><span class='ocrx_word' id='word_1_10' title='bbox 123 661 311 742; x_wconf 85' lang='lat' dir='ltr'>naverImus,</span> <span class='ocrx_word' id='word_1_11' title='bbox 341 661 375 726; x_wconf 93' lang='lat' dir='ltr'>id</span> <span class='ocrx_word' id='word_1_12' title='bbox 405 660 578 726; x_wconf 82' lang='lat' dir='ltr'>certissime</span> <span class='ocrx_word' id='word_1_13' title='bbox 613 659 844 725; x_wconf 91' lang='lat' dir='ltr'>concedendum</span> <span class='ocrx_word' id='word_1_14' title='bbox 872 665 929 742; x_wconf 87' lang='lat' dir='ltr'>est,</span> <span class='ocrx_word' id='word_1_15' title='bbox 963 679 1035 726; x_wconf 91' lang='lat' dir='ltr'>eum</span> <span class='ocrx_word' id='word_1_16' title='bbox 1068 677 1131 725; x_wconf 95' lang='lat' dir='ltr'>non</span> <span class='ocrx_word' id='word_1_17' title='bbox 1162 664 1247 725; x_wconf 87' lang='lat' dir='ltr'>stare</span> <span class='ocrx_word' id='word_1_18' title='bbox 1278 660 1312 724; x_wconf 90' lang='lat' dir='ltr'>in</span> 
     </span>
     <span class='ocr_line' id='line_1_4' title="bbox 124 771 1313 855; baseline -0.002 -17"><span class='ocrx_word' id='word_1_19' title='bbox 124 772 216 838; x_wconf 87' lang='lat' dir='ltr'>tectis</span> <span class='ocrx_word' id='word_1_20' title='bbox 238 791 340 855; x_wconf 93' lang='lat' dir='ltr'>neque</span> <span class='ocrx_word' id='word_1_21' title='bbox 362 772 521 852; x_wconf 82' lang='lat' dir='ltr'>recubare,</span> <span class='ocrx_word' id='word_1_22' title='bbox 550 771 606 836; x_wconf 89' lang='lat' dir='ltr'>sed</span> <span class='ocrx_word' id='word_1_23' title='bbox 628 789 761 853; x_wconf 90' lang='lat' dir='ltr'>pronum</span> <span class='ocrx_word' id='word_1_24' title='bbox 782 771 893 852; x_wconf 89' lang='lat' dir='ltr'>iacere,</span> <span class='ocrx_word' id='word_1_25' title='bbox 920 771 1122 855; x_wconf 90' lang='lat' dir='ltr'>quamohrem</span> <span class='ocrx_word' id='word_1_26' title='bbox 1143 771 1222 836; x_wconf 92' lang='lat' dir='ltr'>mihi</span> <span class='ocrx_word' id='word_1_27' title='bbox 1243 789 1313 853; x_wconf 93' lang='lat' dir='ltr'>per-</span> 
     </span>
     <span class='ocr_line' id='line_1_5' title="bbox 122 883 1310 966; baseline -0.002 -16"><span class='ocrx_word' id='word_1_28' title='bbox 122 903 251 950; x_wconf 90' lang='lat' dir='ltr'>suasum</span> <span class='ocrx_word' id='word_1_29' title='bbox 265 890 322 965; x_wconf 88' lang='lat' dir='ltr'>est,</span> <span class='ocrx_word' id='word_1_30' title='bbox 346 883 533 966; x_wconf 87' lang='lat' dir='ltr'>Aeschylum</span> <span class='ocrx_word' id='word_1_31' title='bbox 554 901 617 948; x_wconf 92' lang='lat' dir='ltr'>nou</span> <span class='ocrx_word' id='word_1_32' title='bbox 639 883 740 948; x_wconf 91' lang='lat' dir='ltr'>solum</span> <span class='ocrx_word' id='word_1_33' title='bbox 760 883 943 965; x_wconf 81' lang='lat' dir='ltr'>vigilantiae</span> <span class='ocrx_word' id='word_1_34' title='bbox 965 884 1051 948; x_wconf 88' lang='lat' dir='ltr'>canis</span> <span class='ocrx_word' id='word_1_35' title='bbox 1072 883 1106 947; x_wconf 92' lang='lat' dir='ltr'>in</span> <span class='ocrx_word' id='word_1_36' title='bbox 1120 883 1310 966; x_wconf 88' lang='lat' dir='ltr'>universum,</span> 
     </span>
     <span class='ocr_line' id='line_1_6' title="bbox 122 994 1311 1078; baseline 0 -17"><span class='ocrx_word' id='word_1_37' title='bbox 122 996 177 1061; x_wconf 91' lang='lat' dir='ltr'>sed</span> <span class='ocrx_word' id='word_1_38' title='bbox 191 996 388 1078; x_wconf 89' lang='lat' dir='ltr'>potissimum</span> <span class='ocrx_word' id='word_1_39' title='bbox 402 995 470 1060; x_wconf 92' lang='lat' dir='ltr'>eius</span> <span class='ocrx_word' id='word_1_40' title='bbox 483 995 614 1060; x_wconf 90' lang='lat' dir='ltr'>rationis</span> <span class='ocrx_word' id='word_1_41' title='bbox 629 994 827 1060; x_wconf 90' lang='lat' dir='ltr'>recordatum</span> <span class='ocrx_word' id='word_1_42' title='bbox 842 1013 919 1077; x_wconf 90' lang='lat' dir='ltr'>esse,</span> <span class='ocrx_word' id='word_1_43' title='bbox 935 995 968 1059; x_wconf 93' lang='lat' dir='ltr'>in</span> <span class='ocrx_word' id='word_1_44' title='bbox 983 1013 1078 1076; x_wconf 93' lang='lat' dir='ltr'>quam</span> <span class='ocrx_word' id='word_1_45' title='bbox 1090 994 1177 1060; x_wconf 91' lang='lat' dir='ltr'>canis</span> <span class='ocrx_word' id='word_1_46' title='bbox 1191 994 1311 1076; x_wconf 81' lang='lat' dir='ltr'>vigilet.</span> 
     </span>
    </p>

    <p class='ocr_par' dir='ltr' id='par_1_3' title="bbox 119 1106 1312 1857">
     <span class='ocr_line' id='line_1_7' title="bbox 208 1106 1311 1190; baseline 0.001 -19"><span class='ocrx_word' id='word_1_47' title='bbox 208 1107 344 1171; x_wconf 85' lang='lat' dir='ltr'>Maxime</span> <span class='ocrx_word' id='word_1_48' title='bbox 374 1107 471 1189; x_wconf 83' lang='lat' dir='ltr'>igitur</span> <span class='ocrx_word' id='word_1_49' title='bbox 500 1106 745 1190; x_wconf 90' lang='lat' dir='ltr'>comparandum</span> <span class='ocrx_word' id='word_1_50' title='bbox 770 1123 838 1172; x_wconf 89' lang='lat' dir='ltr'>esse</span> <span class='ocrx_word' id='word_1_51' title='bbox 867 1111 972 1172; x_wconf 85' lang='lat' dir='ltr'>statuo</span> <span class='ocrx_word' id='word_1_52' title='bbox 1000 1106 1080 1172; x_wconf 94' lang='lat' dir='ltr'>illud</span> <span class='ocrx_word' id='word_1_53' title='bbox 1111 1106 1311 1188; x_wconf 71' lang='lat' dir='ltr'>simileque</span> 
     </span>
     <span class='ocr_line' id='line_1_8' title="bbox 121 1217 1311 1301; baseline 0.001 -18"><span class='ocrx_word' id='word_1_54' title='bbox 121 1218 286 1301; x_wconf 83' lang='lat' dir='ltr'>Iphigenia</span> <span class='ocrx_word' id='word_1_55' title='bbox 318 1237 391 1284; x_wconf 92' lang='lat' dir='ltr'>cum</span> <span class='ocrx_word' id='word_1_56' title='bbox 420 1237 532 1300; x_wconf 87' lang='lat' dir='ltr'>caprea</span> <span class='ocrx_word' id='word_1_57' title='bbox 562 1217 762 1284; x_wconf 87' lang='lat' dir='ltr'>contenditur</span> <span class='ocrx_word' id='word_1_58' title='bbox 789 1219 823 1283; x_wconf 93' lang='lat' dir='ltr'>in</span> <span class='ocrx_word' id='word_1_59' title='bbox 856 1237 901 1284; x_wconf 86' lang='lat' dir='ltr'>ys.</span> <span class='ocrx_word' id='word_1_60' title='bbox 926 1221 998 1298; x_wconf 79' lang='lat'>232,</span> <span class='ocrx_word' id='word_1_61' title='bbox 1035 1218 1091 1283; x_wconf 90' lang='lat' dir='ltr'>ubi</span> <span class='ocrx_word' id='word_1_62' title='bbox 1118 1237 1181 1285; x_wconf 91' lang='lat' dir='ltr'>non</span> <span class='ocrx_word' id='word_1_63' title='bbox 1210 1220 1311 1285; x_wconf 90' lang='lat' dir='ltr'>solum</span> 
     </span>
     <span class='ocr_line' id='line_1_9' title="bbox 121 1328 1311 1413; baseline 0.002 -19"><span class='ocrx_word' id='word_1_64' title='bbox 121 1334 287 1413; x_wconf 88' lang='lat' dir='ltr'>propterea</span> <span class='ocrx_word' id='word_1_65' title='bbox 308 1347 422 1412; x_wconf 84' lang='lat' dir='ltr'>caprea</span> <span class='ocrx_word' id='word_1_66' title='bbox 444 1328 582 1411; x_wconf 88' lang='lat' dir='ltr'>affertur,</span> <span class='ocrx_word' id='word_1_67' title='bbox 605 1330 689 1412; x_wconf 91' lang='lat' dir='ltr'>quod</span> <span class='ocrx_word' id='word_1_68' title='bbox 710 1330 814 1396; x_wconf 90' lang='lat' dir='ltr'>hostia</span> <span class='ocrx_word' id='word_1_69' title='bbox 836 1335 894 1411; x_wconf 86' lang='lat' dir='ltr'>est,</span> <span class='ocrx_word' id='word_1_70' title='bbox 917 1349 1026 1396; x_wconf 90' lang='lat' dir='ltr'>verum</span> <span class='ocrx_word' id='word_1_71' title='bbox 1050 1331 1146 1396; x_wconf 84' lang='lat' dir='ltr'>etlam</span> <span class='ocrx_word' id='word_1_72' title='bbox 1167 1329 1311 1396; x_wconf 91' lang='lat' dir='ltr'>inhuma-</span> 
     </span>
     <span class='ocr_line' id='line_1_10' title="bbox 121 1440 1310 1524; baseline 0.002 -18"><span class='ocrx_word' id='word_1_73' title='bbox 121 1442 206 1507; x_wconf 83' lang='lat' dir='ltr'>nitas</span> <span class='ocrx_word' id='word_1_74' title='bbox 220 1441 379 1508; x_wconf 88' lang='lat' dir='ltr'>indicatur</span> <span class='ocrx_word' id='word_1_75' title='bbox 393 1440 486 1506; x_wconf 90' lang='lat' dir='ltr'>huius</span> <span class='ocrx_word' id='word_1_76' title='bbox 500 1442 725 1507; x_wconf 89' lang='lat' dir='ltr'>immolationis</span> <span class='ocrx_word' id='word_1_77' title='bbox 748 1461 785 1507; x_wconf 91' lang='lat' dir='ltr'>ea</span> <span class='ocrx_word' id='word_1_78' title='bbox 800 1461 844 1524; x_wconf 92' lang='lat' dir='ltr'>re,</span> <span class='ocrx_word' id='word_1_79' title='bbox 867 1443 950 1524; x_wconf 93' lang='lat' dir='ltr'>quod</span> <span class='ocrx_word' id='word_1_80' title='bbox 965 1442 1114 1523; x_wconf 92' lang='lat' dir='ltr'>homines,</span> <span class='ocrx_word' id='word_1_81' title='bbox 1137 1441 1192 1524; x_wconf 92' lang='lat' dir='ltr'>qui</span> <span class='ocrx_word' id='word_1_82' title='bbox 1207 1447 1310 1508; x_wconf 89' lang='lat' dir='ltr'>erecto</span> 
     </span>
     <span class='ocr_line' id='line_1_11' title="bbox 120 1553 1311 1638; baseline -0.001 -19"><span class='ocrx_word' id='word_1_83' title='bbox 120 1571 250 1635; x_wconf 90' lang='lat' dir='ltr'>corpore</span> <span class='ocrx_word' id='word_1_84' title='bbox 276 1553 434 1633; x_wconf 88' lang='lat' dir='ltr'>incedunt,</span> <span class='ocrx_word' id='word_1_85' title='bbox 462 1554 553 1634; x_wconf 91' lang='lat' dir='ltr'>proni</span> <span class='ocrx_word' id='word_1_86' title='bbox 584 1557 763 1638; x_wconf 82' lang='grc' dir='ltr'><strong><em>(προνωπῆ</em></strong></span> <span class='ocrx_word' id='word_1_87' title='bbox 799 1554 883 1618; x_wconf 92' lang='lat' dir='ltr'>enim</span> <span class='ocrx_word' id='word_1_88' title='bbox 910 1554 1083 1636; x_wconf 85' lang='lat' dir='ltr'>Aeschylus</span> <span class='ocrx_word' id='word_1_89' title='bbox 1112 1553 1311 1636; x_wconf 87' lang='lat' dir='ltr'>Iphigeniam</span> 
     </span>
     <span class='ocr_line' id='line_1_12' title="bbox 119 1662 1312 1748; baseline 0.001 -19"><span class='ocrx_word' id='word_1_90' title='bbox 119 1662 217 1729; x_wconf 85' lang='lat' dir='ltr'>luisse</span> <span class='ocrx_word' id='word_1_91' title='bbox 239 1663 328 1748; x_wconf 89' lang='lat' dir='ltr'>dicit)</span> <span class='ocrx_word' id='word_1_92' title='bbox 350 1668 386 1728; x_wconf 88' lang='lat' dir='ltr'>ut</span> <span class='ocrx_word' id='word_1_93' title='bbox 407 1681 531 1745; x_wconf 87' lang='lat' dir='ltr'>caprea,</span> <span class='ocrx_word' id='word_1_94' title='bbox 554 1663 706 1728; x_wconf 86' lang='lat' dir='ltr'>tollantur</span> <span class='ocrx_word' id='word_1_95' title='bbox 729 1664 769 1728; x_wconf 91' lang='lat' dir='ltr'>ad</span> <span class='ocrx_word' id='word_1_96' title='bbox 791 1683 908 1730; x_wconf 91' lang='lat' dir='ltr'>necem.</span> <span class='ocrx_word' id='word_1_97' title='bbox 941 1663 1043 1740; x_wconf 86' lang='lat' dir='ltr'>Quam</span> <span class='ocrx_word' id='word_1_98' title='bbox 1064 1683 1131 1730; x_wconf 90' lang='lat' dir='ltr'>rem</span> <span class='ocrx_word' id='word_1_99' title='bbox 1152 1665 1192 1729; x_wconf 89' lang='lat' dir='ltr'>ab</span> <span class='ocrx_word' id='word_1_100' title='bbox 1215 1666 1312 1730; x_wconf 87' lang='lat' dir='ltr'>inter-</span> 
     </span>
     <span class='ocr_line' id='line_1_13' title="bbox 119 1775 794 1857; baseline 0 -17"><span class='ocrx_word' id='word_1_101' title='bbox 119 1775 261 1857; x_wconf 88' lang='lat' dir='ltr'>pretibus</span> <span class='ocrx_word' id='word_1_102' title='bbox 283 1793 346 1840; x_wconf 91' lang='lat' dir='ltr'>non</span> <span class='ocrx_word' id='word_1_103' title='bbox 367 1781 563 1856; x_wconf 86' lang='lat' dir='ltr'>perspectam</span> <span class='ocrx_word' id='word_1_104' title='bbox 585 1792 653 1840; x_wconf 87' lang='lat' dir='ltr'>esse</span> <span class='ocrx_word' id='word_1_105' title='bbox 675 1792 794 1840; x_wconf 88' lang='lat' dir='ltr'>moneo.</span> 
     </span>
    </p>

    <p class='ocr_par' dir='ltr' id='par_1_4' title="bbox 119 1884 1311 2636">
     <span class='ocr_line' id='line_1_14' title="bbox 206 1884 1311 1970; baseline 0.001 -19"><span class='ocrx_word' id='word_1_106' title='bbox 206 1887 273 1951; x_wconf 89' lang='lat' dir='ltr'>Iam</span> <span class='ocrx_word' id='word_1_107' title='bbox 300 1904 374 1952; x_wconf 86' lang='lat' dir='ltr'>vero</span> <span class='ocrx_word' id='word_1_108' title='bbox 405 1885 484 1950; x_wconf 93' lang='lat' dir='ltr'>illud</span> <span class='ocrx_word' id='word_1_109' title='bbox 518 1884 672 1968; x_wconf 80' lang='grc' dir='ltr'><strong><em>ἄγκαθεν</em></strong></span> <span class='ocrx_word' id='word_1_110' title='bbox 702 1886 955 1968; x_wconf 87' lang='lat' dir='ltr'>interpretemur.</span> <span class='ocrx_word' id='word_1_111' title='bbox 1007 1886 1169 1968; x_wconf 85' lang='lat' dir='ltr'>Videlicet,</span> <span class='ocrx_word' id='word_1_112' title='bbox 1199 1887 1227 1953; x_wconf 88' lang='lat' dir='ltr'>si</span> <span class='ocrx_word' id='word_1_113' title='bbox 1255 1905 1311 1970; x_wconf 92' lang='lat' dir='ltr'>per</span> 
     </span>
     <span class='ocr_line' id='line_1_15' title="bbox 121 1997 1311 2081; baseline 0.002 -19"><span class='ocrx_word' id='word_1_114' title='bbox 121 1998 290 2065; x_wconf 69' lang='lat' dir='ltr'>detrudar</span> <span class='ocrx_word' id='word_1_115' title='bbox 321 1997 579 2080; x_wconf 84' lang='lat' dir='ltr'>explicaverimus</span> <span class='ocrx_word' id='word_1_116' title='bbox 611 1998 752 2079; x_wconf 83' lang='lat' dir='ltr'>verbum,</span> <span class='ocrx_word' id='word_1_117' title='bbox 789 1999 948 2064; x_wconf 90' lang='lat' dir='ltr'>sententia</span> <span class='ocrx_word' id='word_1_118' title='bbox 979 2003 1078 2081; x_wconf 88' lang='lat' dir='ltr'>patet,</span> <span class='ocrx_word' id='word_1_119' title='bbox 1116 1999 1171 2064; x_wconf 90' lang='lat' dir='ltr'>sed</span> <span class='ocrx_word' id='word_1_120' title='bbox 1203 2004 1311 2066; x_wconf 87' lang='lat' dir='ltr'>tamen</span> 
     </span>
     <span class='ocr_line' id='line_1_16' title="bbox 120 2101 1311 2194; baseline 0.002 -19"><span class='ocrx_word' id='word_1_121' title='bbox 120 2115 236 2189; x_wconf 86' lang='lat' dir='ltr'>metuo,</span> <span class='ocrx_word' id='word_1_122' title='bbox 258 2128 299 2174; x_wconf 93' lang='lat' dir='ltr'>ne</span> <span class='ocrx_word' id='word_1_123' title='bbox 320 2109 467 2190; x_wconf 88' lang='lat' dir='ltr'>Aeschyli</span> <span class='ocrx_word' id='word_1_124' title='bbox 489 2111 656 2175; x_wconf 86' lang='lat' dir='ltr'>amittatur</span> <span class='ocrx_word' id='word_1_125' title='bbox 678 2110 843 2191; x_wconf 89' lang='lat' dir='ltr'>conspicua</span> <span class='ocrx_word' id='word_1_126' title='bbox 865 2109 1020 2191; x_wconf 87' lang='lat' dir='ltr'>quaedam</span> <span class='ocrx_word' id='word_1_127' title='bbox 1040 2101 1207 2192; x_wconf 77' lang='lat' dir='ltr'>lsententia,</span> <span class='ocrx_word' id='word_1_128' title='bbox 1230 2130 1311 2194; x_wconf 90' lang='lat' dir='ltr'>quae</span> 
     </span>
     <span class='ocr_line' id='line_1_17' title="bbox 119 2219 1311 2305; baseline -0.001 -17"><span class='ocrx_word' id='word_1_129' title='bbox 119 2221 308 2305; x_wconf 86' lang='lat' dir='ltr'>praesertim</span> <span class='ocrx_word' id='word_1_130' title='bbox 330 2239 401 2286; x_wconf 91' lang='lat' dir='ltr'>cum</span> <span class='ocrx_word' id='word_1_131' title='bbox 423 2219 556 2284; x_wconf 87' lang='lat' dir='ltr'>audacia</span> <span class='ocrx_word' id='word_1_132' title='bbox 577 2225 645 2284; x_wconf 92' lang='lat' dir='ltr'>tum</span> <span class='ocrx_word' id='word_1_133' title='bbox 667 2221 763 2285; x_wconf 90' lang='lat' dir='ltr'>etiam</span> <span class='ocrx_word' id='word_1_134' title='bbox 785 2219 920 2285; x_wconf 87' lang='lat' dir='ltr'>veritate</span> <span class='ocrx_word' id='word_1_135' title='bbox 940 2219 1089 2301; x_wconf 88' lang='lat' dir='ltr'>imaginis</span> <span class='ocrx_word' id='word_1_136' title='bbox 1111 2240 1311 2305; x_wconf 89' lang='lat' dir='ltr'>nequaquam</span> 
     </span>
     <span class='ocr_line' id='line_1_18' title="bbox 120 2329 1310 2430; baseline 0.002 -33"><span class='ocrx_word' id='word_1_137' title='bbox 120 2332 268 2414; x_wconf 89' lang='lat' dir='ltr'>Aeschyh</span> <span class='ocrx_word' id='word_1_138' title='bbox 287 2350 350 2398; x_wconf 91' lang='lat' dir='ltr'>non</span> <span class='ocrx_word' id='word_1_139' title='bbox 365 2331 597 2413; x_wconf 88' lang='lat' dir='ltr'>consanguinea</span> <span class='ocrx_word' id='word_1_140' title='bbox 617 2333 685 2430; x_wconf 79' lang='lat' dir='ltr'>sit.¹</span> <span class='ocrx_word' id='word_1_141' title='bbox 706 2331 761 2398; x_wconf 87' lang='lat' dir='ltr'>Sin</span> <span class='ocrx_word' id='word_1_142' title='bbox 780 2349 854 2410; x_wconf 76' lang='lat' dir='ltr'>uero</span> <span class='ocrx_word' id='word_1_143' title='bbox 873 2329 1025 2413; x_wconf 77' lang='grc' dir='ltr'><strong><em>ἄγκαθεν</em></strong></span> <span class='ocrx_word' id='word_1_144' title='bbox 1036 2333 1121 2398; x_wconf 93' lang='lat' dir='ltr'>hunc</span> <span class='ocrx_word' id='word_1_145' title='bbox 1135 2333 1168 2397; x_wconf 94' lang='lat' dir='ltr'>in</span> <span class='ocrx_word' id='word_1_146' title='bbox 1183 2334 1310 2400; x_wconf 91' lang='lat' dir='ltr'>modum</span> 
     </span>
     <span class='ocr_line' id='line_1_19' title="bbox 121 2442 1309 2527; baseline 0.002 -19"><span class='ocrx_word' id='word_1_147' title='bbox 121 2444 376 2524; x_wconf 83' lang='lat' dir='ltr'>intellexerimus,</span> <span class='ocrx_word' id='word_1_148' title='bbox 404 2448 442 2509; x_wconf 92' lang='lat' dir='ltr'>ut</span> <span class='ocrx_word' id='word_1_149' title='bbox 470 2448 575 2510; x_wconf 88' lang='lat' dir='ltr'>custos</span> <span class='ocrx_word' id='word_1_150' title='bbox 603 2448 698 2525; x_wconf 86' lang='lat' dir='ltr'>caput</span> <span class='ocrx_word' id='word_1_151' title='bbox 719 2445 753 2509; x_wconf 93' lang='lat' dir='ltr'>in</span> <span class='ocrx_word' id='word_1_152' title='bbox 779 2442 916 2508; x_wconf 89' lang='lat' dir='ltr'>brachiis</span> <span class='ocrx_word' id='word_1_153' title='bbox 944 2449 1050 2526; x_wconf 84' lang='lat' dir='ltr'>ponat,</span> <span class='ocrx_word' id='word_1_154' title='bbox 1078 2445 1178 2510; x_wconf 90' lang='lat' dir='ltr'>multo</span> <span class='ocrx_word' id='word_1_155' title='bbox 1207 2445 1309 2527; x_wconf 82' lang='lat' dir='ltr'>magle</span> 
     </span>
     <span class='ocr_line' id='line_1_20' title="bbox 119 2555 435 2636; baseline -0.009 -15"><span class='ocrx_word' id='word_1_156' title='bbox 119 2573 171 2621; x_wconf 88' lang='lat' dir='ltr'>res</span> <span class='ocrx_word' id='word_1_157' title='bbox 192 2555 269 2619; x_wconf 92' lang='lat' dir='ltr'>mihi</span> <span class='ocrx_word' id='word_1_158' title='bbox 290 2555 435 2636; x_wconf 88' lang='lat' dir='ltr'>placebit.</span> 
     </span>
    </p>

    <p class='ocr_par' dir='ltr' id='par_1_5' title="bbox 121 2664 1311 3194">
     <span class='ocr_line' id='line_1_21' title="bbox 207 2664 1311 2754; baseline 0.002 -24"><span class='ocrx_word' id='word_1_159' title='bbox 207 2666 336 2732; x_wconf 86' lang='lat' dir='ltr'>Etenim</span> <span class='ocrx_word' id='word_1_160' title='bbox 362 2664 515 2750; x_wconf 84' lang='grc' dir='ltr'><strong><em>ἄγκαθεν</em></strong></span> <span class='ocrx_word' id='word_1_161' title='bbox 540 2665 693 2754; x_wconf 74' lang='grc' dir='ltr'><strong><em>φρουρὰν</em></strong></span> <span class='ocrx_word' id='word_1_162' title='bbox 714 2667 916 2751; x_wconf 79' lang='grc' dir='ltr'><strong><em>κοιμώμενος</em></strong></span> <span class='ocrx_word' id='word_1_163' title='bbox 943 2685 1008 2732; x_wconf 84' lang='lat' dir='ltr'>uua</span> <span class='ocrx_word' id='word_1_164' title='bbox 1036 2671 1068 2731; x_wconf 84' lang='lat' dir='ltr'>et</span> <span class='ocrx_word' id='word_1_165' title='bbox 1096 2671 1200 2732; x_wconf 78' lang='lat' dir='ltr'>cusas</span> <span class='ocrx_word' id='word_1_166' title='bbox 1228 2684 1311 2732; x_wconf 88' lang='lat' dir='ltr'>com-</span> 
     </span>
     <span class='ocr_line' id='line_1_22' title="bbox 121 2776 1311 2859; baseline -0.003 -14"><span class='ocrx_word' id='word_1_167' title='bbox 121 2779 243 2845; x_wconf 90' lang='lat' dir='ltr'>modius</span> <span class='ocrx_word' id='word_1_168' title='bbox 265 2797 393 2843; x_wconf 93' lang='lat' dir='ltr'>munere</span> <span class='ocrx_word' id='word_1_169' title='bbox 414 2777 566 2858; x_wconf 85' lang='lat' dir='ltr'>Iungitur,</span> <span class='ocrx_word' id='word_1_170' title='bbox 597 2778 745 2859; x_wconf 90' lang='lat' dir='ltr'>quoniam</span> <span class='ocrx_word' id='word_1_171' title='bbox 767 2776 904 2859; x_wconf 87' lang='lat' dir='ltr'>corporis</span> <span class='ocrx_word' id='word_1_172' title='bbox 926 2777 1144 2843; x_wconf 84' lang='lat' dir='ltr'>lassitudinem</span> <span class='ocrx_word' id='word_1_173' title='bbox 1166 2777 1311 2843; x_wconf 84' lang='lat' dir='ltr'>sublevat</span> 
     </span>
     <span class='ocr_line' id='line_1_23' title="bbox 121 2885 1310 2972; baseline 0 -18"><span class='ocrx_word' id='word_1_174' title='bbox 121 2891 230 2972; x_wconf 86' lang='lat' dir='ltr'>aliqua</span> <span class='ocrx_word' id='word_1_175' title='bbox 251 2908 290 2954; x_wconf 85' lang='lat' dir='ltr'>ex</span> <span class='ocrx_word' id='word_1_176' title='bbox 311 2893 403 2971; x_wconf 89' lang='lat' dir='ltr'>parte</span> <span class='ocrx_word' id='word_1_177' title='bbox 424 2893 457 2952; x_wconf 91' lang='lat' dir='ltr'>et</span> <span class='ocrx_word' id='word_1_178' title='bbox 479 2887 512 2952; x_wconf 94' lang='lat' dir='ltr'>id</span> <span class='ocrx_word' id='word_1_179' title='bbox 533 2885 641 2968; x_wconf 86' lang='lat' dir='ltr'>eflicit,</span> <span class='ocrx_word' id='word_1_180' title='bbox 664 2893 701 2953; x_wconf 90' lang='lat' dir='ltr'>ut</span> <span class='ocrx_word' id='word_1_181' title='bbox 722 2889 784 2954; x_wconf 79' lang='lat' dir='ltr'>olm</span> <span class='ocrx_word' id='word_1_182' title='bbox 807 2889 908 2956; x_wconf 90' lang='lat' dir='ltr'>somni</span> <span class='ocrx_word' id='word_1_183' title='bbox 930 2894 1045 2955; x_wconf 86' lang='lat' dir='ltr'>arceat.</span> <span class='ocrx_word' id='word_1_184' title='bbox 1083 2889 1186 2970; x_wconf 90' lang='lat' dir='ltr'>Igitur</span> <span class='ocrx_word' id='word_1_185' title='bbox 1207 2889 1310 2971; x_wconf 92' lang='lat' dir='ltr'>capite</span> 
     </span>
     <span class='ocr_line' id='line_1_24' title="bbox 121 3000 1309 3083; baseline -0.003 -16"><span class='ocrx_word' id='word_1_186' title='bbox 121 3002 161 3067; x_wconf 90' lang='lat' dir='ltr'>ad</span> <span class='ocrx_word' id='word_1_187' title='bbox 184 3000 313 3066; x_wconf 89' lang='lat' dir='ltr'>brachia</span> <span class='ocrx_word' id='word_1_188' title='bbox 335 3000 431 3066; x_wconf 92' lang='lat' dir='ltr'>misso</span> <span class='ocrx_word' id='word_1_189' title='bbox 452 3004 557 3066; x_wconf 88' lang='lat' dir='ltr'>custos</span> <span class='ocrx_word' id='word_1_190' title='bbox 579 3000 641 3066; x_wconf 90' lang='lat' dir='ltr'>sibi</span> <span class='ocrx_word' id='word_1_191' title='bbox 662 3017 732 3065; x_wconf 89' lang='lat' dir='ltr'>eam</span> <span class='ocrx_word' id='word_1_192' title='bbox 754 3000 892 3082; x_wconf 90' lang='lat' dir='ltr'>quietem</span> <span class='ocrx_word' id='word_1_193' title='bbox 913 3000 1068 3080; x_wconf 86' lang='lat' dir='ltr'>adsciscit,</span> <span class='ocrx_word' id='word_1_194' title='bbox 1097 3017 1179 3083; x_wconf 87' lang='lat' dir='ltr'>quae</span> <span class='ocrx_word' id='word_1_195' title='bbox 1204 3017 1309 3066; x_wconf 89' lang='lat' dir='ltr'>secum</span> 
     </span>
     <span class='ocr_line' id='line_1_25' title="bbox 121 3111 412 3194; baseline -0.014 -15"><span class='ocrx_word' id='word_1_196' title='bbox 121 3111 182 3179; x_wconf 84' lang='lat' dir='ltr'>lert</span> <span class='ocrx_word' id='word_1_197' title='bbox 204 3111 412 3194; x_wconf 86' lang='lat' dir='ltr'>vigilantiam.</span> 
     </span>
    </p>

    <p class='ocr_par' dir='ltr' id='par_1_6' title="bbox 121 3221 1310 3639">
     <span class='ocr_line' id='line_1_26' title="bbox 207 3221 1310 3305; baseline 0 -19"><span class='ocrx_word' id='word_1_198' title='bbox 207 3221 295 3290; x_wconf 89' lang='lat' dir='ltr'>Haec</span> <span class='ocrx_word' id='word_1_199' title='bbox 315 3224 414 3305; x_wconf 88' lang='lat' dir='ltr'>igitur</span> <span class='ocrx_word' id='word_1_200' title='bbox 434 3228 518 3303; x_wconf 90' lang='lat' dir='ltr'>sunt,</span> <span class='ocrx_word' id='word_1_201' title='bbox 544 3242 627 3305; x_wconf 87' lang='lat' dir='ltr'>quae</span> <span class='ocrx_word' id='word_1_202' title='bbox 654 3223 731 3287; x_wconf 94' lang='lat' dir='ltr'>mihi</span> <span class='ocrx_word' id='word_1_203' title='bbox 757 3222 914 3303; x_wconf 88' lang='lat' dir='ltr'>videntur,</span> <span class='ocrx_word' id='word_1_204' title='bbox 944 3226 1109 3305; x_wconf 85' lang='lat' dir='ltr'>postquam</span> <span class='ocrx_word' id='word_1_205' title='bbox 1138 3221 1310 3288; x_wconf 88' lang='lat' dir='ltr'>identidem</span> 
     </span>
     <span class='ocr_line' id='line_1_27' title="bbox 122 3331 1310 3416; baseline -0.004 -15"><span class='ocrx_word' id='word_1_206' title='bbox 122 3335 227 3401; x_wconf 91' lang='lat' dir='ltr'>omnia</span> <span class='ocrx_word' id='word_1_207' title='bbox 254 3353 376 3400; x_wconf 89' lang='lat' dir='ltr'>mecum</span> <span class='ocrx_word' id='word_1_208' title='bbox 402 3334 557 3416; x_wconf 85' lang='lat' dir='ltr'>reputavi.</span> <span class='ocrx_word' id='word_1_209' title='bbox 611 3333 654 3397; x_wconf 84' lang='lat' dir='ltr'>Et</span> <span class='ocrx_word' id='word_1_210' title='bbox 684 3335 787 3415; x_wconf 84' lang='lat' dir='ltr'>velim,</span> <span class='ocrx_word' id='word_1_211' title='bbox 820 3351 902 3416; x_wconf 86' lang='lat' dir='ltr'>quae</span> <span class='ocrx_word' id='word_1_212' title='bbox 931 3333 1017 3398; x_wconf 91' lang='lat' dir='ltr'>omni</span> <span class='ocrx_word' id='word_1_213' title='bbox 1045 3331 1210 3414; x_wconf 86' lang='lat' dir='ltr'>dIIIgentIa</span> <span class='ocrx_word' id='word_1_214' title='bbox 1241 3351 1310 3414; x_wconf 91' lang='lat' dir='ltr'>per·</span> 
     </span>
     <span class='ocr_line' id='line_1_28' title="bbox 121 3442 1309 3528; baseline -0.003 -16"><span class='ocrx_word' id='word_1_215' title='bbox 121 3451 280 3512; x_wconf 87' lang='lat' dir='ltr'>scrutatus</span> <span class='ocrx_word' id='word_1_216' title='bbox 303 3463 382 3525; x_wconf 92' lang='lat' dir='ltr'>sum,</span> <span class='ocrx_word' id='word_1_217' title='bbox 410 3445 535 3511; x_wconf 87' lang='lat' dir='ltr'>etiamsi</span> <span class='ocrx_word' id='word_1_218' title='bbox 556 3445 629 3510; x_wconf 93' lang='lat' dir='ltr'>ilico</span> <span class='ocrx_word' id='word_1_219' title='bbox 651 3463 713 3510; x_wconf 92' lang='lat' dir='ltr'>uon</span> <span class='ocrx_word' id='word_1_220' title='bbox 735 3446 890 3528; x_wconf 87' lang='lat' dir='ltr'>placeant,</span> <span class='ocrx_word' id='word_1_221' title='bbox 920 3443 992 3510; x_wconf 93' lang='lat' dir='ltr'>ilico</span> <span class='ocrx_word' id='word_1_222' title='bbox 1013 3461 1077 3508; x_wconf 92' lang='lat' dir='ltr'>non</span> <span class='ocrx_word' id='word_1_223' title='bbox 1098 3461 1135 3508; x_wconf 90' lang='lat' dir='ltr'>ea</span> <span class='ocrx_word' id='word_1_224' title='bbox 1157 3442 1309 3508; x_wconf 88' lang='lat' dir='ltr'>reiectum</span> 
     </span>
     <span class='ocr_line' id='line_1_29' title="bbox 121 3555 1119 3639; baseline -0.005 -15"><span class='ocrx_word' id='word_1_225' title='bbox 121 3558 161 3624; x_wconf 91' lang='lat' dir='ltr'>iri</span> <span class='ocrx_word' id='word_1_226' title='bbox 189 3558 232 3623; x_wconf 91' lang='lat' dir='ltr'>ah</span> <span class='ocrx_word' id='word_1_227' title='bbox 253 3556 334 3638; x_wconf 90' lang='lat' dir='ltr'>aliis,</span> <span class='ocrx_word' id='word_1_228' title='bbox 362 3557 544 3639; x_wconf 90' lang='lat' dir='ltr'>priusquam</span> <span class='ocrx_word' id='word_1_229' title='bbox 566 3561 712 3622; x_wconf 87' lang='lat' dir='ltr'>accurate</span> <span class='ocrx_word' id='word_1_230' title='bbox 733 3575 800 3622; x_wconf 90' lang='lat' dir='ltr'>rem</span> <span class='ocrx_word' id='word_1_231' title='bbox 821 3555 1024 3638; x_wconf 85' lang='lat' dir='ltr'>contemplati</span> <span class='ocrx_word' id='word_1_232' title='bbox 1046 3555 1119 3620; x_wconf 93' lang='lat' dir='ltr'>sint.</span> 
     </span>
    </p>

    <p class='ocr_par' dir='ltr' id='par_1_7' title="bbox 121 3663 1310 4307">
     <span class='ocr_line' id='line_1_30' title="bbox 207 3663 1310 3750; baseline -0.005 -16"><span class='ocrx_word' id='word_1_233' title='bbox 207 3668 242 3734; x_wconf 88' lang='lat' dir='ltr'>Si</span> <span class='ocrx_word' id='word_1_234' title='bbox 262 3673 370 3734; x_wconf 86' lang='lat' dir='ltr'>tamen</span> <span class='ocrx_word' id='word_1_235' title='bbox 390 3668 496 3750; x_wconf 91' lang='lat' dir='ltr'>opiuio</span> <span class='ocrx_word' id='word_1_236' title='bbox 523 3685 586 3733; x_wconf 91' lang='lat' dir='ltr'>non</span> <span class='ocrx_word' id='word_1_237' title='bbox 615 3673 744 3749; x_wconf 86' lang='lat' dir='ltr'>accepta</span> <span class='ocrx_word' id='word_1_238' title='bbox 771 3665 853 3732; x_wconf 83' lang='lat' dir='ltr'>foret</span> <span class='ocrx_word' id='word_1_239' title='bbox 880 3671 913 3732; x_wconf 86' lang='lat' dir='ltr'>et</span> <span class='ocrx_word' id='word_1_240' title='bbox 934 3665 1013 3732; x_wconf 91' lang='lat' dir='ltr'>illud</span> <span class='ocrx_word' id='word_1_241' title='bbox 1036 3664 1197 3748; x_wconf 80' lang='grc' dir='ltr'><strong><em>ἄγκαθεν,</em></strong></span> <span class='ocrx_word' id='word_1_242' title='bbox 1225 3663 1310 3748; x_wconf 90' lang='lat' dir='ltr'>quod</span> 
     </span>
     <span class='ocr_line' id='line_1_31' title="bbox 121 3776 1310 3864; baseline -0.004 -18"><span class='ocrx_word' id='word_1_243' title='bbox 121 3799 178 3864; x_wconf 90' lang='lat' dir='ltr'>pro</span> <span class='ocrx_word' id='word_1_244' title='bbox 199 3779 369 3847; x_wconf 77' lang='grc' dir='ltr'><strong><em>ἀνέκαθεν</em></strong></span> <span class='ocrx_word' id='word_1_245' title='bbox 389 3784 499 3861; x_wconf 81' lang='lat' dir='ltr'>exstet,</span> <span class='ocrx_word' id='word_1_246' title='bbox 522 3779 552 3845; x_wconf 88' lang='lat' dir='ltr'>ei</span> <span class='ocrx_word' id='word_1_247' title='bbox 573 3777 795 3862; x_wconf 83' lang='lat' dir='ltr'>praeferretur,</span> <span class='ocrx_word' id='word_1_248' title='bbox 818 3779 883 3844; x_wconf 89' lang='lat' dir='ltr'>iam</span> <span class='ocrx_word' id='word_1_249' title='bbox 904 3777 1003 3858; x_wconf 85' lang='lat' dir='ltr'>video,</span> <span class='ocrx_word' id='word_1_250' title='bbox 1026 3777 1179 3860; x_wconf 91' lang='lat' dir='ltr'>quomodo</span> <span class='ocrx_word' id='word_1_251' title='bbox 1200 3776 1251 3842; x_wconf 85' lang='lat' dir='ltr'>vel</span> <span class='ocrx_word' id='word_1_252' title='bbox 1271 3793 1310 3854; x_wconf 88' lang='lat' dir='ltr'>ea</span> 
     </span>
     <span class='ocr_line' id='line_1_32' title="bbox 121 3887 1309 3974; baseline -0.007 -15"><span class='ocrx_word' id='word_1_253' title='bbox 121 3893 301 3959; x_wconf 90' lang='lat' dir='ltr'>condicione</span> <span class='ocrx_word' id='word_1_254' title='bbox 323 3909 373 3957; x_wconf 86' lang='lat' dir='ltr'>res</span> <span class='ocrx_word' id='word_1_255' title='bbox 396 3890 508 3956; x_wconf 90' lang='lat' dir='ltr'>melius</span> <span class='ocrx_word' id='word_1_256' title='bbox 530 3891 679 3974; x_wconf 78' lang='lat' dir='ltr'>euphrati</span> <span class='ocrx_word' id='word_1_257' title='bbox 701 3889 807 3972; x_wconf 89' lang='lat' dir='ltr'>possit.</span> <span class='ocrx_word' id='word_1_258' title='bbox 845 3888 972 3955; x_wconf 80' lang='lat' dir='ltr'>SciIIoet</span> <span class='ocrx_word' id='word_1_259' title='bbox 993 3888 1053 3953; x_wconf 88' lang='lat' dir='ltr'>hac</span> <span class='ocrx_word' id='word_1_260' title='bbox 1073 3887 1218 3969; x_wconf 91' lang='lat' dir='ltr'>opinione</span> <span class='ocrx_word' id='word_1_261' title='bbox 1239 3905 1309 3970; x_wconf 91' lang='lat' dir='ltr'>pro·</span> 
     </span>
     <span class='ocr_line' id='line_1_33' title="bbox 122 3996 1310 4082; baseline -0.004 -14"><span class='ocrx_word' id='word_1_262' title='bbox 122 4003 199 4070; x_wconf 83' lang='lat' dir='ltr'>bata</span> <span class='ocrx_word' id='word_1_263' title='bbox 226 4008 331 4069; x_wconf 86' lang='lat' dir='ltr'>custos</span> <span class='ocrx_word' id='word_1_264' title='bbox 360 4002 446 4082; x_wconf 88' lang='lat' dir='ltr'>dicit,</span> <span class='ocrx_word' id='word_1_265' title='bbox 479 4019 514 4066; x_wconf 89' lang='lat' dir='ltr'>se</span> <span class='ocrx_word' id='word_1_266' title='bbox 541 4005 643 4066; x_wconf 84' lang='lat' dir='ltr'>totum</span> <span class='ocrx_word' id='word_1_267' title='bbox 671 4001 792 4068; x_wconf 90' lang='lat' dir='ltr'>coelum</span> <span class='ocrx_word' id='word_1_268' title='bbox 825 4001 1025 4082; x_wconf 88' lang='lat' dir='ltr'>siderumque</span> <span class='ocrx_word' id='word_1_269' title='bbox 1058 4015 1185 4066; x_wconf 89' lang='lat' dir='ltr'>cursum</span> <span class='ocrx_word' id='word_1_270' title='bbox 1218 3996 1310 4064; x_wconf 89' lang='lat' dir='ltr'>lacile</span> 
     </span>
     <span class='ocr_line' id='line_1_34' title="bbox 122 4111 1310 4198; baseline -0.008 -14"><span class='ocrx_word' id='word_1_271' title='bbox 122 4131 307 4198; x_wconf 88' lang='lat' dir='ltr'>cognoscere</span> <span class='ocrx_word' id='word_1_272' title='bbox 323 4113 555 4198; x_wconf 77' lang='grc' dir='ltr'><strong><em>(καταδέναι),</em></strong></span> <span class='ocrx_word' id='word_1_273' title='bbox 577 4112 693 4194; x_wconf 91' lang='lat' dir='ltr'>quippe</span> <span class='ocrx_word' id='word_1_274' title='bbox 707 4112 762 4194; x_wconf 94' lang='lat' dir='ltr'>qui</span> <span class='ocrx_word' id='word_1_275' title='bbox 776 4113 810 4176; x_wconf 91' lang='lat' dir='ltr'>in</span> <span class='ocrx_word' id='word_1_276' title='bbox 825 4112 900 4177; x_wconf 88' lang='lat' dir='ltr'>altis</span> <span class='ocrx_word' id='word_1_277' title='bbox 914 4111 1009 4176; x_wconf 84' lang='lat' dir='ltr'>textis</span> <span class='ocrx_word' id='word_1_278' title='bbox 1031 4111 1134 4176; x_wconf 88' lang='lat' dir='ltr'>iaceat</span> <span class='ocrx_word' id='word_1_279' title='bbox 1147 4113 1180 4176; x_wconf 87' lang='lat' dir='ltr'>et</span> <span class='ocrx_word' id='word_1_280' title='bbox 1194 4113 1310 4174; x_wconf 87' lang='lat' dir='ltr'>cuncta</span> 
     </span>
     <span class='ocr_line' id='line_1_35' title="bbox 121 4219 1309 4307; baseline -0.008 -15"><span class='ocrx_word' id='word_1_281' title='bbox 121 4227 219 4294; x_wconf 91' lang='lat' dir='ltr'>libere</span> <span class='ocrx_word' id='word_1_282' title='bbox 246 4225 486 4307; x_wconf 89' lang='lat' dir='ltr'>circumspiciat.</span> <span class='ocrx_word' id='word_1_283' title='bbox 538 4224 640 4303; x_wconf 86' lang='lat' dir='ltr'>Quam</span> <span class='ocrx_word' id='word_1_284' title='bbox 674 4221 863 4288; x_wconf 78' lang='lat' dir='ltr'>sententhm</span> <span class='ocrx_word' id='word_1_285' title='bbox 891 4221 977 4288; x_wconf 89' lang='lat' dir='ltr'>haud</span> <span class='ocrx_word' id='word_1_286' title='bbox 1009 4221 1072 4288; x_wconf 91' lang='lat' dir='ltr'>scio</span> <span class='ocrx_word' id='word_1_287' title='bbox 1102 4239 1143 4286; x_wconf 85' lang='lat' dir='ltr'>an</span> <span class='ocrx_word' id='word_1_288' title='bbox 1171 4219 1309 4286; x_wconf 89' lang='lat' dir='ltr'>Keckius</span> 
     </span>
    </p>
   </div>
   <div class='ocr_carea' id='block_1_3' title="bbox 121 4329 1308 4504">
    <p class='ocr_par' dir='ltr' id='par_1_8' title="bbox 121 4329 1308 4504">
     <span class='ocr_line' id='line_1_36' title="bbox 121 4329 1308 4420; baseline -0.008 -14"><span class='ocrx_word' id='word_1_289' title='bbox 121 4355 268 4406; x_wconf 82' lang='lat' dir='ltr'>versuum</span> <span class='ocrx_word' id='word_1_290' title='bbox 297 4335 525 4403; x_wconf 86' lang='lat' dir='ltr'>Germanorum</span> <span class='ocrx_word' id='word_1_291' title='bbox 553 4334 814 4420; x_wconf 88' lang='lat' dir='ltr'>interpretatione</span> <span class='ocrx_word' id='word_1_292' title='bbox 842 4351 1043 4418; x_wconf 84' lang='lat' dir='ltr'>expressurus</span> <span class='ocrx_word' id='word_1_293' title='bbox 1073 4332 1124 4398; x_wconf 89' lang='lat' dir='ltr'>sit.</span> <span class='ocrx_word' id='word_1_294' title='bbox 1168 4329 1308 4412; x_wconf 85' lang='lat' dir='ltr'>Accedit,</span> 
     </span>
     <span class='ocr_line' id='line_1_37' title="bbox 1085 4449 1103 4504; baseline 0 0"><span class='ocrx_word' id='word_1_295' title='bbox 1085 4449 1103 4504; x_wconf 72' lang='lat'><strong>2</strong></span> 
     </span>
    </p>
   </div>
   <div class='ocr_carea' id='block_1_4' title="bbox 0 0 1606 5048">
    <p class='ocr_par' dir='ltr' id='par_1_9' title="bbox 0 0 1606 5048">
     <span class='ocr_line' id='line_1_38' title="bbox 0 0 1606 5048; baseline 0 0"><span class='ocrx_word' id='word_1_296' title='bbox 0 0 1606 5048; x_wconf 95' lang='lat' dir='ltr'> </span> 
     </span>
    </p>
   </div>
  </div>
 </body>
</html>
