3204 5048
798 417 913 436 ἾΛΛΛΛΙ
926 423 941 433 rx
948 422 1004 436 ΑΛ]-

306 529 516 595 confirmatur.
550 531 689 612 Accedit,
712 532 795 613 quod
811 533 923 599 haecce
939 530 1020 599 ἀνθ’
1034 534 1144 602 ὕπνου
1159 548 1370 622 παραστατεῖ
1391 535 1498 602 nescio

308 642 391 721 quod
412 641 563 723 frigidum
591 642 708 710 habent
731 649 762 710 ct
785 645 903 711 mentio
930 646 1033 712 somni
1062 645 1113 712 hic
1140 647 1241 712 multo
1269 648 1374 712 minus
1402 649 1496 729 requi

306 754 396 834 ritur,
419 773 514 835 quam
536 757 570 821 iu
591 775 635 822 vs.
660 761 819 838 sequente.
852 755 891 820 ln
913 775 974 838 quo
996 775 1139 825 somnum
1154 760 1392 824 commemorari
1408 760 1497 824 dum-

306 867 395 928 taiat
417 865 493 946 ipsis
515 868 619 932 verbis
640 868 747 950 liquet,
770 885 842 932 cum
863 885 925 932 non
947 887 1075 934 necesse
1094 869 1146 950 sit,
1170 889 1313 937 somnum
1334 871 1369 936 in
1390 889 1436 936 vs.
1457 875 1496 935 14

306 993 374 1040 6666
396 976 536 1042 allatum.

393 1087 445 1168 Et,
469 1107 539 1156 cum
561 1088 600 1154 de
622 1089 769 1154 hocloco
791 1089 970 1170 meditarer,
998 1109 1070 1156 mon
1096 1091 1174 1157 mihi
1196 1092 1229 1156 in
1251 1096 1389 1158 mentem
1410 1092 1497 1158 venit

307 1197 388 1262 alius
411 1199 654 1282 Agamemnonis
676 1201 771 1280 loona,
794 1201 849 1283 qui
870 1202 1007 1266 remedio
1030 1203 1159 1282 indiget,
1182 1222 1226 1269 vs
1254 1207 1329 1268 179:

385 1379 389 1384 ,
464 1312 598 1390 „cuddae
619 1309 649 1376 δ’
672 1315 708 1376 ἓν
729 1310 767 1377 θ’
790 1313 884 1402 ὕπνῳ
907 1312 973 1399 πρὸ
997 1291 1138 1401 καρδίας

460 1425 680 1510 μνησιπήμων
702 1424 804 1500 πόνος
830 1463 865 1472 -
895 1431 963 1504 -,“

292 1595 296 1604 .
394 1534 680 1602 Praetermittimus
716 1543 821 1602 autem
854 1537 1145 1620 interpretationem
1176 1536 1216 1600 ab
1246 1535 1430 1604 Hermanno
1456 1537 1505 1602 ad

307 1644 390 1711 huuc
424 1647 525 1714 loomu
559 1647 757 1714 artificiosius
791 1649 1010 1729 excogitatam.
1067 1647 1165 1712 Nemo
1198 1647 1282 1712 enim
1314 1649 1394 1714 mibi
1429 1667 1496 1731 per-

308 1757 452 1822 suadebit
474 1779 531 1824 nec
553 1760 743 1824 mentionem
759 1761 862 1824 somni
883 1760 955 1846 huic
976 1761 1044 1824 loco
1060 1759 1216 1842 quadrare
1233 1777 1290 1825 nec
1308 1759 1495 1842 particulam

307 1871 343 1932 τέ
372 1869 454 1933 16161
485 1870 522 1935 ἐν
546 1876 579 1934 61
609 1870 704 1959 ὕπνῳ
732 1876 817 1936 66616
851 1872 987 1952 positam
1014 1890 1091 1953 esse,
1120 1889 1202 1952 quae
1230 1871 1373 1936 omnibus
1400 1871 1496 1936 inter·

307 1981 453 2060 pretendi
483 1981 605 2046 artibus
628 2001 691 2046 non
713 1982 915 2064 approbatur.
960 1982 1105 2063 Engerus
1132 1983 1230 2064 igitur
1255 2000 1327 2046 cum
1348 1982 1495 2065 Emperio

308 2090 340 2154 in
368 2097 457 2156 textu
485 2093 648 2176 supposuit
677 2090 759 2163 ἄνθ’
786 2095 905 2176 ὕπνον,
934 2099 970 2158 ut
998 2093 1031 2158 in
1061 2113 1105 2159 vs.
1140 2098 1188 2174 14,
1217 2093 1367 2158 facillima
1392 2113 1496 2160 emen-

308 2202 444 2286 datione,
468 2224 549 2286 quae
571 2211 677 2271 tamen
700 2224 762 2270 non
784 2206 973 2272 sententiam
997 2206 1152 2272 emendat.

395 2316 469 2381 Ideo
500 2335 569 2382 mox
596 2318 630 2383 in
652 2335 721 2382 eam
743 2336 831 2399 spem
852 2319 1003 2400 venimus,
1032 2319 1059 2384 si
1086 2324 1218 2399 uterque
1247 2318 1334 2382 locus
1361 2316 1496 2382 remedio

308 2425 458 2507 indigeat,
485 2426 617 2494 fortasse
647 2433 816 2510 utrumque
844 2430 947 2494 locum
977 2431 1085 2496 eodem
1114 2428 1250 2495 remedio
1278 2434 1426 2494 sanatmn
1448 2427 1493 2496 iri.

309 2537 469 2618 Attamen,
497 2558 568 2604 cum
596 2540 651 2605 diu
680 2541 719 2606 de
741 2560 775 2606 re
796 2542 967 2607 meditatus
995 2561 1105 2623 essem,
1133 2540 1213 2605 nihil
1240 2540 1338 2605 habui
1366 2541 1407 2607 ad
1429 2557 1496 2618 seu-

309 2649 442 2714 tentiam
463 2651 680 2734 corrigendam
703 2657 799 2734 atque
821 2671 890 2718 eam
913 2653 1133 2732 coniecturam,
1156 2653 1189 2716 in
1204 2669 1299 2732 quam
1315 2653 1496 2731 incideram,

309 2770 418 2846 postea
442 2765 509 2846 ipse
530 2764 633 2830 reieci.
679 2763 782 2842 Quare
805 2765 887 2831 hanc
917 2784 983 2829 rem
1005 2764 1050 2829 eis
1072 2763 1196 2848 penitus
1224 2763 1417 2844 commendo,
1444 2761 1497 2846 qui

310 2895 360 2940 me
382 2881 537 2957 potestate
559 2875 754 2941 coniectandi
776 2876 974 2942 antecedunt.

396 2988 493 3052 Porro
526 2987 559 3052 in
593 3005 637 3052 vs.
665 2991 703 3050 15
738 3005 864 3052 sensum
898 2988 1012 3068 exigua
1046 2985 1265 3051 emendatione
1295 2985 1397 3068 magis
1430 3002 1497 3068 per-

310 3099 453 3180 spicuum
474 3099 540 3166 fore
561 3099 711 3180 videmus,
735 3116 830 3182 quam
852 3103 959 3162 tamen
981 3115 1043 3161 non
1065 3098 1205 3162 studiose
1227 3102 1361 3177 tuemur,
1384 3096 1497 3178 quippe

311 3229 392 3294 quae
414 3229 475 3296 nou
498 3211 673 3276 necessaria
695 3210 747 3292 sit,
770 3210 825 3274 sed
848 3209 1016 3274 subicimus
1039 3209 1173 3274 aliorum
1195 3207 1335 3272 arbitrio.
1374 3205 1498 3272 Scilicet

310 3341 366 3406 pro
392 3327 534 3408 βεβαίας
560 3322 653 3388 facile
680 3322 809 3404 ponitur
836 3325 962 3405 βιαίως,
993 3321 1076 3387 unde
1102 3322 1165 3387 ista
1193 3323 1354 3385 emanaret
1380 3318 1497 3383 oratio:

311 3473 375 3517 „—
390 3472 430 3484 --
447 3452 560 3500 canere
581 3434 705 3515 incipio,
729 3433 804 3514 quia
826 3433 920 3499 timor
942 3434 975 3496 in
998 3433 1103 3498 animo
1124 3432 1244 3512 haeret,
1267 3448 1306 3495 ne
1329 3429 1376 3494 vis
1399 3429 1498 3496 somni

310 3548 415 3614 oculos
438 3565 522 3612 meos
544 3545 761 3628 comprimat.“
798 3543 881 3608 Nam
902 3549 1028 3610 veretur
1051 3550 1155 3610 custos
1177 3541 1376 3626 repentinum
1399 3539 1499 3607 somni

309 3658 462 3740 impetum
483 3658 594 3740 magis,
617 3676 713 3738 quam
734 3656 835 3722 altum
857 3673 1009 3722 somnum.
1050 3654 1246 3737 Quamquam
1267 3655 1410 3739 βεβαίας
1431 3671 1499 3719 sen·
1541 3653 1548 3672 ⁸

310 3771 429 3836 tentiae
458 3788 520 3834 uon
543 3768 667 3836 officere
694 3786 757 3835 non
785 3769 976 3850 ignoramus.
1020 3765 1068 3829 Ι)6
1089 3769 1206 3850 βιαίως
1227 3769 1335 3830 autem
1357 3762 1397 3830 oi.
1420 3783 1499 3832 vers.

310 3880 555 3964 Agamemnonis
580 3884 651 3946 183.

264 4063 268 4071 ι
396 3993 546 4058 Karsteni
578 3998 685 4058 tamen
719 4009 791 4057 cum
817 3990 934 4056 librum
963 3988 1054 4056 modo
1082 3989 1265 4067 evolverem,
1299 4004 1407 4054 versus
1440 3991 1500 4052 119

311 4105 520 4173 recensionem
547 4103 632 4188 apud
654 4121 725 4168 eum
747 4103 938 4186 cogniturus,
966 4121 1037 4167 eum
1064 4119 1130 4166 rem
1157 4098 1347 4167 convertisse
1374 4099 1407 4163 in
1429 4117 1501 4164 eou-

310 4216 443 4282 trarium
474 4234 576 4297 neque
605 4215 637 4278 16
667 4233 712 4280 vs.
743 4217 781 4278 15
810 4217 926 4298 βιαίως
955 4232 1012 4296 pro
1040 4215 1193 4298 βεβαίως,
1228 4210 1284 4276 sed
1309 4209 1342 4274 in
1369 4228 1414 4276 vs.
1441 4213 1500 4275 184

309 4332 443 4415 βέβαιος
475 4345 531 4411 pro
559 4328 676 4412 βιαίας
709 4325 909 4410 supposuisse
945 4323 1163 4390 ammadverti,
1217 4320 1313 4388 Cuius
1347 4322 1501 4388 rationem
