<?xml version="1.0" encoding="UTF-8"?>
<!DOCTYPE html PUBLIC "-//W3C//DTD XHTML 1.0 Transitional//EN"
    "http://www.w3.org/TR/xhtml1/DTD/xhtml1-transitional.dtd">
<html xmlns="http://www.w3.org/1999/xhtml" xml:lang="en" lang="en">
 <head>
  <title>
</title>
<meta http-equiv="Content-Type" content="text/html;charset=utf-8" />
  <meta name='ocr-system' content='tesseract 3.04.00' />
  <meta name='ocr-capabilities' content='ocr_page ocr_carea ocr_par ocr_line ocrx_word'/>
</head>
<body>
  <div class='ocr_page' id='page_1' title='image "./quaestionumaesc00bormgoog_0038.png"; bbox 0 0 3204 5048; ppageno 0'>
   <div class='ocr_carea' id='block_1_1' title="bbox 686 365 728 431">
    <p class='ocr_par' dir='ltr' id='par_1_1' title="bbox 686 365 728 431">
     <span class='ocr_line' id='line_1_1' title="bbox 686 365 728 431; baseline 0 0"><span class='ocrx_word' id='word_1_1' title='bbox 686 365 728 431; x_wconf 74' lang='grc'><strong>33</strong></span> 
     </span>
    </p>
   </div>
   <div class='ocr_carea' id='block_1_2' title="bbox 608 451 814 470">
    <p class='ocr_par' dir='ltr' id='par_1_2' title="bbox 608 451 814 470">
     <span class='ocr_line' id='line_1_2' title="bbox 608 451 814 470; baseline 0.01 -2"><span class='ocrx_word' id='word_1_2' title='bbox 608 451 814 470; x_wconf 58' lang='grc' dir='ltr'>ΧΛΛΛΛΛΛΛΛΛ</span> 
     </span>
    </p>
   </div>
   <div class='ocr_carea' id='block_1_3' title="bbox 109 563 1307 1189">
    <p class='ocr_par' dir='ltr' id='par_1_3' title="bbox 109 563 1307 761">
     <span class='ocr_line' id='line_1_3' title="bbox 109 563 1307 654; baseline 0.017 -27"><span class='ocrx_word' id='word_1_3' title='bbox 109 563 193 629; x_wconf 88' lang='lat' dir='ltr'><strong>dicit</strong></span> <span class='ocrx_word' id='word_1_4' title='bbox 213 564 254 630; x_wconf 87' lang='lat' dir='ltr'><strong>dc</strong></span> <span class='ocrx_word' id='word_1_5' title='bbox 276 572 399 648; x_wconf 82' lang='lat' dir='ltr'><strong>euentu,</strong></span> <span class='ocrx_word' id='word_1_6' title='bbox 427 568 482 634; x_wconf 87' lang='lat' dir='ltr'><strong>sed</strong></span> <span class='ocrx_word' id='word_1_7' title='bbox 511 588 545 636; x_wconf 90' lang='lat' dir='ltr'><strong>se</strong></span> <span class='ocrx_word' id='word_1_8' title='bbox 572 571 676 654; x_wconf 87' lang='lat' dir='ltr'><strong>ipsum</strong></span> <span class='ocrx_word' id='word_1_9' title='bbox 698 589 796 637; x_wconf 91' lang='lat' dir='ltr'><strong>unum</strong></span> <span class='ocrx_word' id='word_1_10' title='bbox 818 591 855 639; x_wconf 90' lang='lat' dir='ltr'><strong>cx</strong></span> <span class='ocrx_word' id='word_1_11' title='bbox 877 575 1022 642; x_wconf 90' lang='lat' dir='ltr'><strong>omnibus</strong></span> <span class='ocrx_word' id='word_1_12' title='bbox 1043 577 1166 643; x_wconf 85' lang='lat' dir='ltr'><strong>laetitia</strong></span> <span class='ocrx_word' id='word_1_13' title='bbox 1187 581 1307 646; x_wconf 80' lang='lat' dir='ltr'><strong>exulta</strong></span> 
     </span>
     <span class='ocr_line' id='line_1_4' title="bbox 112 679 516 761; baseline 0.012 -21"><span class='ocrx_word' id='word_1_14' title='bbox 112 680 225 741; x_wconf 83' lang='lat' dir='ltr'><strong>turum</strong></span> <span class='ocrx_word' id='word_1_15' title='bbox 249 696 316 744; x_wconf 85' lang='lat' dir='ltr'><strong>esse</strong></span> <span class='ocrx_word' id='word_1_16' title='bbox 338 679 516 761; x_wconf 89' lang='lat' dir='ltr'><strong>profitetur:</strong></span> 
     </span>
    </p>

    <p class='ocr_par' dir='ltr' id='par_1_4' title="bbox 113 785 1306 1189">
     <span class='ocr_line' id='line_1_5' title="bbox 273 785 956 881; baseline 0.009 -26"><span class='ocrx_word' id='word_1_17' title='bbox 273 785 372 867; x_wconf 67' lang='grc' dir='ltr'><strong><em>αὐτός</em></strong></span> <span class='ocrx_word' id='word_1_18' title='bbox 393 788 422 856; x_wconf 75' lang='grc' dir='ltr'><strong>τ’</strong></span> <span class='ocrx_word' id='word_1_19' title='bbox 446 793 545 874; x_wconf 74' lang='grc' dir='ltr'><em>ἔγωγε</em></span> <span class='ocrx_word' id='word_1_20' title='bbox 567 797 724 878; x_wconf 75' lang='grc' dir='ltr'><strong><em>φροίμιον</em></strong></span> <span class='ocrx_word' id='word_1_21' title='bbox 745 795 956 881; x_wconf 71' lang='grc' dir='ltr'><em>χορεύσομαι,</em></span> 
     </span>
     <span class='ocr_line' id='line_1_6' title="bbox 113 903 1306 1000; baseline 0.013 -37"><span class='ocrx_word' id='word_1_22' title='bbox 113 917 198 979; x_wconf 87' lang='lat' dir='ltr'><strong>quae</strong></span> <span class='ocrx_word' id='word_1_23' title='bbox 228 903 399 968; x_wconf 84' lang='lat' dir='ltr'><strong>certissime</strong></span> <span class='ocrx_word' id='word_1_24' title='bbox 433 904 579 984; x_wconf 81' lang='lat' dir='ltr'><strong>imaginis</strong></span> <span class='ocrx_word' id='word_1_25' title='bbox 616 905 682 970; x_wconf 92' lang='lat' dir='ltr'><strong>loco</strong></span> <span class='ocrx_word' id='word_1_26' title='bbox 714 907 927 988; x_wconf 86' lang='lat' dir='ltr'><strong>intellegenda</strong></span> <span class='ocrx_word' id='word_1_27' title='bbox 952 913 1038 990; x_wconf 85' lang='lat' dir='ltr'><strong>sunt,</strong></span> <span class='ocrx_word' id='word_1_28' title='bbox 1074 910 1167 976; x_wconf 88' lang='lat' dir='ltr'><strong>sicuti</strong></span> <span class='ocrx_word' id='word_1_29' title='bbox 1197 918 1306 1000; x_wconf 74' lang='grc' dir='ltr'><strong><em>χορῶν</em></strong></span> 
     </span>
     <span class='ocr_line' id='line_1_7' title="bbox 113 1009 1305 1107; baseline 0.014 -33"><span class='ocrx_word' id='word_1_30' title='bbox 113 1009 321 1089; x_wconf 76' lang='grc' dir='ltr'><strong><em>κατάστασις</em></strong></span> <span class='ocrx_word' id='word_1_31' title='bbox 342 1015 476 1080; x_wconf 76' lang='grc' dir='ltr'><strong><em>πολλῶν</em></strong></span> <span class='ocrx_word' id='word_1_32' title='bbox 497 1015 535 1082; x_wconf 72' lang='grc' dir='ltr'><strong>ἐν</strong></span> <span class='ocrx_word' id='word_1_33' title='bbox 552 1015 670 1105; x_wconf 73' lang='grc' dir='ltr'><strong><em>Ἄργει,</em></strong></span> <span class='ocrx_word' id='word_1_34' title='bbox 700 1036 833 1100; x_wconf 92' lang='lat' dir='ltr'><strong>quorum</strong></span> <span class='ocrx_word' id='word_1_35' title='bbox 862 1021 975 1085; x_wconf 85' lang='lat' dir='ltr'><strong>saltem</strong></span> <span class='ocrx_word' id='word_1_36' title='bbox 1004 1027 1114 1102; x_wconf 90' lang='lat' dir='ltr'><strong>postea</strong></span> <span class='ocrx_word' id='word_1_37' title='bbox 1143 1042 1305 1107; x_wconf 86' lang='lat' dir='ltr'><strong>nunqnam</strong></span> 
     </span>
     <span class='ocr_line' id='line_1_8' title="bbox 117 1123 302 1189; baseline 0.011 -3"><span class='ocrx_word' id='word_1_38' title='bbox 117 1123 236 1188; x_wconf 89' lang='lat' dir='ltr'><strong>mentio</strong></span> <span class='ocrx_word' id='word_1_39' title='bbox 257 1123 302 1189; x_wconf 88' lang='lat' dir='ltr'><strong>fit.</strong></span> 
     </span>
    </p>
   </div>
   <div class='ocr_carea' id='block_1_4' title="bbox 4 1234 1308 2106">
    <p class='ocr_par' dir='ltr' id='par_1_5' title="bbox 4 1234 1307 1424">
     <span class='ocr_line' id='line_1_9' title="bbox 4 1234 1307 1326; baseline 0.011 -29"><span class='ocrx_word' id='word_1_40' title='bbox 4 1311 5 1326; x_wconf 12' lang='grc' dir='ltr'>χ</span> <span class='ocrx_word' id='word_1_41' title='bbox 203 1234 346 1318; x_wconf 83' lang='lat' dir='ltr'><strong>Namque</strong></span> <span class='ocrx_word' id='word_1_42' title='bbox 378 1238 576 1306; x_wconf 90' lang='lat' dir='ltr'><strong>oblectamini</strong></span> <span class='ocrx_word' id='word_1_43' title='bbox 609 1259 729 1306; x_wconf 86' lang='lat' dir='ltr'><strong>summo</strong></span> <span class='ocrx_word' id='word_1_44' title='bbox 763 1245 812 1306; x_wconf 87' lang='lat' dir='ltr'><strong>cst</strong></span> <span class='ocrx_word' id='word_1_45' title='bbox 846 1242 1026 1324; x_wconf 79' lang='lat' dir='ltr'><strong>excubitori,</strong></span> <span class='ocrx_word' id='word_1_46' title='bbox 1062 1245 1145 1326; x_wconf 88' lang='lat' dir='ltr'><strong>quod</strong></span> <span class='ocrx_word' id='word_1_47' title='bbox 1178 1247 1307 1311; x_wconf 87' lang='lat' dir='ltr'><strong>tandem</strong></span> 
     </span>
     <span class='ocr_line' id='line_1_10' title="bbox 4 1334 617 1424; baseline 0.02 -16"><span class='ocrx_word' id='word_1_48' title='bbox 4 1409 5 1424; x_wconf 21' lang='lat'>¹</span> <span class='ocrx_word' id='word_1_49' title='bbox 114 1345 269 1412; x_wconf 86' lang='lat' dir='ltr'><strong>liberatur</strong></span> <span class='ocrx_word' id='word_1_50' title='bbox 290 1348 443 1417; x_wconf 88' lang='lat' dir='ltr'><strong>excubiis:</strong></span> <span class='ocrx_word' id='word_1_51' title='bbox 614 1334 617 1339; x_wconf 34' lang='lat'>¹</span> 
     </span>
    </p>

    <p class='ocr_par' dir='ltr' id='par_1_6' title="bbox 270 1458 1012 1550">
     <span class='ocr_line' id='line_1_11' title="bbox 270 1458 1012 1550; baseline 0.007 -26"><span class='ocrx_word' id='word_1_52' title='bbox 270 1459 314 1524; x_wconf 75' lang='lat' dir='ltr'><strong>vd</strong></span> <span class='ocrx_word' id='word_1_53' title='bbox 337 1460 512 1528; x_wconf 75' lang='grc' dir='ltr'><strong><em>δεσποτῶν</em></strong></span> <span class='ocrx_word' id='word_1_54' title='bbox 533 1462 596 1549; x_wconf 74' lang='grc' dir='ltr'><strong>γάρ</strong></span> <span class='ocrx_word' id='word_1_55' title='bbox 619 1458 656 1528; x_wconf 78' lang='grc' dir='ltr'><strong>εἰ·</strong></span> <span class='ocrx_word' id='word_1_56' title='bbox 679 1463 828 1528; x_wconf 76' lang='grc' dir='ltr'><strong><em>πεσόντα</em></strong></span> <span class='ocrx_word' id='word_1_57' title='bbox 849 1463 1012 1550; x_wconf 68' lang='grc' dir='ltr'><strong><em>θήσομαι,</em></strong></span> 
     </span>
    </p>

    <p class='ocr_par' dir='ltr' id='par_1_7' title="bbox 115 1573 1308 1987">
     <span class='ocr_line' id='line_1_12' title="bbox 270 1573 1027 1661; baseline 0.007 -27"><span class='ocrx_word' id='word_1_58' title='bbox 270 1581 341 1656; x_wconf 76' lang='grc' dir='ltr'><strong><em>τρὶς</em></strong></span> <span class='ocrx_word' id='word_1_59' title='bbox 363 1578 398 1651; x_wconf 80' lang='grc' dir='ltr'><strong>ἓξ</strong></span> <span class='ocrx_word' id='word_1_60' title='bbox 419 1574 585 1658; x_wconf 68' lang='grc' dir='ltr'><strong><em>βαλούσης</em></strong></span> <span class='ocrx_word' id='word_1_61' title='bbox 607 1573 707 1656; x_wconf 76' lang='grc' dir='ltr'><strong><em>τῆσδέ</em></strong></span> <span class='ocrx_word' id='word_1_62' title='bbox 728 1597 786 1656; x_wconf 76' lang='grc' dir='ltr'><strong><em>μοι</em></strong></span> <span class='ocrx_word' id='word_1_63' title='bbox 808 1581 1027 1661; x_wconf 77' lang='grc' dir='ltr'><strong><em>φρυκτωρίας,</em></strong></span> 
     </span>
     <span class='ocr_line' id='line_1_13' title="bbox 116 1681 1308 1768; baseline 0.008 -25"><span class='ocrx_word' id='word_1_64' title='bbox 116 1698 197 1760; x_wconf 88' lang='lat' dir='ltr'><strong>quae</strong></span> <span class='ocrx_word' id='word_1_65' title='bbox 219 1681 252 1745; x_wconf 95' lang='lat' dir='ltr'><strong>in</strong></span> <span class='ocrx_word' id='word_1_66' title='bbox 274 1682 407 1747; x_wconf 90' lang='lat' dir='ltr'><strong>latinam</strong></span> <span class='ocrx_word' id='word_1_67' title='bbox 429 1685 570 1765; x_wconf 80' lang='lat' dir='ltr'><strong>linguam</strong></span> <span class='ocrx_word' id='word_1_68' title='bbox 591 1685 636 1749; x_wconf 86' lang='lat' dir='ltr'><strong>sic</strong></span> <span class='ocrx_word' id='word_1_69' title='bbox 657 1682 905 1749; x_wconf 84' lang='lat' dir='ltr'><strong>transferuntur:</strong></span> <span class='ocrx_word' id='word_1_70' title='bbox 930 1687 1124 1768; x_wconf 80' lang='lat' dir='ltr'><strong>„principum</strong></span> <span class='ocrx_word' id='word_1_71' title='bbox 1138 1688 1224 1753; x_wconf 90' lang='lat' dir='ltr'><strong>enim</strong></span> <span class='ocrx_word' id='word_1_72' title='bbox 1245 1687 1308 1753; x_wconf 84' lang='lat' dir='ltr'><strong>ior·</strong></span> 
     </span>
     <span class='ocr_line' id='line_1_14' title="bbox 115 1794 1307 1884; baseline 0.006 -29"><span class='ocrx_word' id='word_1_73' title='bbox 115 1796 228 1856; x_wconf 91' lang='lat' dir='ltr'><strong>tunam</strong></span> <span class='ocrx_word' id='word_1_74' title='bbox 250 1811 364 1874; x_wconf 88' lang='lat' dir='ltr'><strong>magno</strong></span> <span class='ocrx_word' id='word_1_75' title='bbox 386 1795 464 1860; x_wconf 90' lang='lat' dir='ltr'><strong>mihi</strong></span> <span class='ocrx_word' id='word_1_76' title='bbox 486 1796 572 1860; x_wconf 90' lang='lat' dir='ltr'><strong>lucro</strong></span> <span class='ocrx_word' id='word_1_77' title='bbox 594 1813 750 1877; x_wconf 88' lang='lat' dir='ltr'><strong>apponam</strong></span> <span class='ocrx_word' id='word_1_78' title='bbox 773 1794 824 1877; x_wconf 91' lang='lat' dir='ltr'><strong>(cf.</strong></span> <span class='ocrx_word' id='word_1_79' title='bbox 848 1795 924 1862; x_wconf 80' lang='lat' dir='ltr'><strong>Hor.</strong></span> <span class='ocrx_word' id='word_1_80' title='bbox 948 1815 1043 1864; x_wconf 87' lang='lat' dir='ltr'><strong>carm.</strong></span> <span class='ocrx_word' id='word_1_81' title='bbox 1067 1797 1092 1878; x_wconf 84' lang='lat'><strong>1,</strong></span> <span class='ocrx_word' id='word_1_82' title='bbox 1116 1803 1146 1879; x_wconf 84' lang='lat'><strong>9,</strong></span> <span class='ocrx_word' id='word_1_83' title='bbox 1167 1798 1307 1884; x_wconf 83' lang='lat'>14-15)</span> 
     </span>
     <span class='ocr_line' id='line_1_15' title="bbox 115 1905 1235 1987; baseline 0.007 -21"><span class='ocrx_word' id='word_1_84' title='bbox 115 1907 212 1984; x_wconf 87' lang='lat' dir='ltr'><strong>atque</strong></span> <span class='ocrx_word' id='word_1_85' title='bbox 233 1905 421 1971; x_wconf 90' lang='lat' dir='ltr'><strong>immensum</strong></span> <span class='ocrx_word' id='word_1_86' title='bbox 443 1911 608 1987; x_wconf 70' lang='lat' dir='ltr'><strong>quamtum</strong></span> <span class='ocrx_word' id='word_1_87' title='bbox 630 1907 709 1972; x_wconf 93' lang='lat' dir='ltr'><strong>mihi</strong></span> <span class='ocrx_word' id='word_1_88' title='bbox 730 1906 822 1972; x_wconf 88' lang='lat' dir='ltr'><strong>lrodie</strong></span> <span class='ocrx_word' id='word_1_89' title='bbox 844 1908 991 1974; x_wconf 82' lang='lat' dir='ltr'><strong>excubiae</strong></span> <span class='ocrx_word' id='word_1_90' title='bbox 1013 1910 1235 1974; x_wconf 83' lang='lat' dir='ltr'><strong>rettulerunt“.</strong></span> 
     </span>
    </p>

    <p class='ocr_par' dir='ltr' id='par_1_8' title="bbox 206 2016 1308 2106">
     <span class='ocr_line' id='line_1_16' title="bbox 206 2016 1308 2106; baseline 0.005 -26"><span class='ocrx_word' id='word_1_91' title='bbox 206 2016 249 2080; x_wconf 90' lang='lat' dir='ltr'><strong>At</strong></span> <span class='ocrx_word' id='word_1_92' title='bbox 270 2018 354 2082; x_wconf 91' lang='lat' dir='ltr'><strong>enim</strong></span> <span class='ocrx_word' id='word_1_93' title='bbox 374 2020 586 2099; x_wconf 88' lang='lat' dir='ltr'><strong>quammulta</strong></span> <span class='ocrx_word' id='word_1_94' title='bbox 599 2020 762 2098; x_wconf 87' lang='lat' dir='ltr'><strong>disputata</strong></span> <span class='ocrx_word' id='word_1_95' title='bbox 775 2024 848 2084; x_wconf 90' lang='lat' dir='ltr'><strong>sunt</strong></span> <span class='ocrx_word' id='word_1_96' title='bbox 871 2019 910 2084; x_wconf 90' lang='lat' dir='ltr'><strong>de</strong></span> <span class='ocrx_word' id='word_1_97' title='bbox 925 2021 1019 2085; x_wconf 86' lang='lat' dir='ltr'><strong>verbo</strong></span> <span class='ocrx_word' id='word_1_98' title='bbox 1040 2023 1201 2106; x_wconf 71' lang='grc' dir='ltr'><strong><em>θήσομαι,</em></strong></span> <span class='ocrx_word' id='word_1_99' title='bbox 1222 2021 1308 2101; x_wconf 83' lang='lat' dir='ltr'><strong>quod</strong></span> 
     </span>
    </p>
   </div>
   <div class='ocr_carea' id='block_1_5' title="bbox 116 2123 1309 2302">
    <p class='ocr_par' dir='ltr' id='par_1_9' title="bbox 116 2123 1309 2302">
     <span class='ocr_line' id='line_1_17' title="bbox 116 2123 1309 2212; baseline 0.009 -27"><span class='ocrx_word' id='word_1_100' title='bbox 116 2123 250 2204; x_wconf 88' lang='lat' dir='ltr'><strong>quisque</strong></span> <span class='ocrx_word' id='word_1_101' title='bbox 262 2126 426 2192; x_wconf 90' lang='lat' dir='ltr'><strong>hominum</strong></span> <span class='ocrx_word' id='word_1_102' title='bbox 439 2130 600 2193; x_wconf 88' lang='lat' dir='ltr'><strong>doctorum</strong></span> <span class='ocrx_word' id='word_1_103' title='bbox 615 2130 707 2194; x_wconf 87' lang='lat' dir='ltr'><strong>aliter</strong></span> <span class='ocrx_word' id='word_1_104' title='bbox 722 2131 857 2210; x_wconf 83' lang='lat' dir='ltr'><strong>expellit.</strong></span> <span class='ocrx_word' id='word_1_105' title='bbox 895 2129 1000 2212; x_wconf 80' lang='lat' dir='ltr'><strong>Atque</strong></span> <span class='ocrx_word' id='word_1_106' title='bbox 1019 2131 1078 2196; x_wconf 88' lang='lat' dir='ltr'><strong>alii</strong></span> <span class='ocrx_word' id='word_1_107' title='bbox 1092 2131 1186 2196; x_wconf 85' lang='lat' dir='ltr'><strong>aliter</strong></span> <span class='ocrx_word' id='word_1_108' title='bbox 1206 2133 1309 2196; x_wconf 91' lang='lat' dir='ltr'><strong>locum</strong></span> 
     </span>
     <span class='ocr_line' id='line_1_18' title="bbox 119 2237 371 2302; baseline 0.02 -5"><span class='ocrx_word' id='word_1_109' title='bbox 119 2239 261 2299; x_wconf 89' lang='lat' dir='ltr'><strong>mutant:</strong></span> <span class='ocrx_word' id='word_1_110' title='bbox 283 2237 371 2302; x_wconf 87' lang='lat' dir='ltr'><strong>volnt</strong></span> 
     </span>
    </p>
   </div>
   <div class='ocr_carea' id='block_1_6' title="bbox 206 2346 397 2414">
    <p class='ocr_par' dir='ltr' id='par_1_10' title="bbox 206 2346 397 2414">
     <span class='ocr_line' id='line_1_19' title="bbox 206 2346 397 2414; baseline 0.016 -3"><span class='ocrx_word' id='word_1_111' title='bbox 206 2346 342 2414; x_wconf 85' lang='lat' dir='ltr'><strong>Kockius</strong></span> <span class='ocrx_word' id='word_1_112' title='bbox 364 2353 397 2414; x_wconf 86' lang='lat' dir='ltr'><strong>et</strong></span> 
     </span>
    </p>
   </div>
   <div class='ocr_carea' id='block_1_7' title="bbox 207 2408 1004 2544">
    <p class='ocr_par' dir='ltr' id='par_1_11' title="bbox 207 2408 1004 2544">
     <span class='ocr_line' id='line_1_20' title="bbox 207 2408 1004 2544; baseline 0.006 -22"><span class='ocrx_word' id='word_1_113' title='bbox 207 2458 348 2541; x_wconf 84' lang='lat' dir='ltr'><strong>Wcilius,</strong></span> <span class='ocrx_word' id='word_1_114' title='bbox 371 2462 519 2544; x_wconf 88' lang='lat' dir='ltr'><strong>quicum</strong></span> <span class='ocrx_word' id='word_1_115' title='bbox 541 2481 577 2528; x_wconf 90' lang='lat' dir='ltr'><strong>oo</strong></span> <span class='ocrx_word' id='word_1_116' title='bbox 598 2464 741 2529; x_wconf 86' lang='lat' dir='ltr'><strong>convenit</strong></span> <span class='ocrx_word' id='word_1_117' title='bbox 794 2408 1004 2490; x_wconf 59' lang='lat' dir='ltr'><strong>⁰⁵⁶3⁹²⁰⁰⁹m</strong></span> 
     </span>
    </p>
   </div>
   <div class='ocr_carea' id='block_1_8' title="bbox 118 2570 1311 3306">
    <p class='ocr_par' dir='ltr' id='par_1_12' title="bbox 206 2570 1055 2660">
     <span class='ocr_line' id='line_1_21' title="bbox 206 2570 1055 2660; baseline 0.006 -26"><span class='ocrx_word' id='word_1_118' title='bbox 206 2570 362 2637; x_wconf 86' lang='lat' dir='ltr'><strong>Maeblius</strong></span> <span class='ocrx_word' id='word_1_119' title='bbox 385 2575 487 2658; x_wconf 83' lang='lat' dir='ltr'><strong>(novv.</strong></span> <span class='ocrx_word' id='word_1_120' title='bbox 511 2593 584 2638; x_wconf 87' lang='lat' dir='ltr'><strong>ann.</strong></span> <span class='ocrx_word' id='word_1_121' title='bbox 608 2575 696 2657; x_wconf 92' lang='lat' dir='ltr'><strong>phill.</strong></span> <span class='ocrx_word' id='word_1_122' title='bbox 719 2575 739 2638; x_wconf 94' lang='lat' dir='ltr'><strong>l.</strong></span> <span class='ocrx_word' id='word_1_123' title='bbox 762 2577 820 2656; x_wconf 76' lang='lat' dir='ltr'><strong>cl:</strong></span> <span class='ocrx_word' id='word_1_124' title='bbox 843 2571 880 2641; x_wconf 78' lang='grc' dir='ltr'><strong>εὖ</strong></span> <span class='ocrx_word' id='word_1_125' title='bbox 903 2574 1055 2660; x_wconf 69' lang='grc' dir='ltr'><strong><em>θήσομαι</em></strong></span> 
     </span>
    </p>

    <p class='ocr_par' dir='ltr' id='par_1_13' title="bbox 206 2681 1006 2769">
     <span class='ocr_line' id='line_1_22' title="bbox 206 2681 1006 2769; baseline 0.004 -21"><span class='ocrx_word' id='word_1_126' title='bbox 206 2683 275 2764; x_wconf 87' lang='lat' dir='ltr'><strong>eph.</strong></span> <span class='ocrx_word' id='word_1_127' title='bbox 298 2683 345 2749; x_wconf 89' lang='lat' dir='ltr'><strong>lit.</strong></span> <span class='ocrx_word' id='word_1_128' title='bbox 369 2685 451 2751; x_wconf 83' lang='lat' dir='ltr'><strong>cuth.</strong></span> <span class='ocrx_word' id='word_1_129' title='bbox 475 2685 496 2750; x_wconf 91' lang='lat' dir='ltr'><strong>l.</strong></span> <span class='ocrx_word' id='word_1_130' title='bbox 519 2704 563 2750; x_wconf 89' lang='lat' dir='ltr'><strong>c.:</strong></span> <span class='ocrx_word' id='word_1_131' title='bbox 585 2681 623 2750; x_wconf 77' lang='grc' dir='ltr'><strong>εὖ</strong></span> <span class='ocrx_word' id='word_1_132' title='bbox 646 2684 795 2750; x_wconf 80' lang='grc' dir='ltr'><strong><em>πεσόντα</em></strong></span> <span class='ocrx_word' id='word_1_133' title='bbox 817 2683 1006 2769; x_wconf 51' lang='grc' dir='ltr'><strong><em>θύσομαιῖ)</em></strong></span> 
     </span>
    </p>

    <p class='ocr_par' dir='ltr' id='par_1_14' title="bbox 206 2792 627 2879">
     <span class='ocr_line' id='line_1_23' title="bbox 206 2792 627 2879; baseline 0.005 -23"><span class='ocrx_word' id='word_1_134' title='bbox 206 2794 407 2860; x_wconf 84' lang='lat' dir='ltr'><strong>Karstcnius:</strong></span> <span class='ocrx_word' id='word_1_135' title='bbox 430 2792 627 2879; x_wconf 75' lang='grc' dir='ltr'><strong><em>α’θρήσομαι</em></strong></span> 
     </span>
    </p>

    <p class='ocr_par' dir='ltr' id='par_1_15' title="bbox 118 2883 1311 3306">
     <span class='ocr_line' id='line_1_24' title="bbox 205 2883 1310 2987; baseline 0.003 -19"><span class='ocrx_word' id='word_1_136' title='bbox 205 2904 350 2984; x_wconf 87' lang='lat' dir='ltr'><strong>Engcrus</strong></span> <span class='ocrx_word' id='word_1_137' title='bbox 372 2883 507 2987; x_wconf 82' lang='lat' dir='ltr'><strong>donique</strong></span> <span class='ocrx_word' id='word_1_138' title='bbox 528 2924 623 2970; x_wconf 91' lang='lat' dir='ltr'><strong>uncos</strong></span> <span class='ocrx_word' id='word_1_139' title='bbox 646 2905 775 2969; x_wconf 79' lang='lat' dir='ltr'><strong>adhibet</strong></span> <span class='ocrx_word' id='word_1_140' title='bbox 806 2906 847 2970; x_wconf 91' lang='lat' dir='ltr'><strong>ad</strong></span> <span class='ocrx_word' id='word_1_141' title='bbox 867 2911 970 2970; x_wconf 86' lang='lat' dir='ltr'><strong>totum</strong></span> <span class='ocrx_word' id='word_1_142' title='bbox 992 2923 1116 2971; x_wconf 83' lang='lat' dir='ltr'><strong>versum</strong></span> <span class='ocrx_word' id='word_1_143' title='bbox 1144 2906 1310 2972; x_wconf 87' lang='lat' dir='ltr'><strong>delendum</strong></span> 
     </span>
     <span class='ocr_line' id='line_1_25' title="bbox 119 3016 1308 3112; baseline 0.002 -32"><span class='ocrx_word' id='word_1_144' title='bbox 119 3021 160 3095; x_wconf 82' lang='lat' dir='ltr'><strong>ct,</strong></span> <span class='ocrx_word' id='word_1_145' title='bbox 196 3017 339 3096; x_wconf 88' lang='lat' dir='ltr'><strong>quamvis</strong></span> <span class='ocrx_word' id='word_1_146' title='bbox 372 3035 470 3112; x_wconf 68' lang='lat' dir='ltr'><strong>sagax</strong></span> <span class='ocrx_word' id='word_1_147' title='bbox 496 3018 538 3081; x_wconf 90' lang='lat' dir='ltr'><strong>sit</strong></span> <span class='ocrx_word' id='word_1_148' title='bbox 565 3018 632 3083; x_wconf 88' lang='lat' dir='ltr'><strong>eius</strong></span> <span class='ocrx_word' id='word_1_149' title='bbox 663 3017 895 3097; x_wconf 81' lang='lat' dir='ltr'><strong>argumentatio</strong></span> <span class='ocrx_word' id='word_1_150' title='bbox 923 3016 975 3099; x_wconf 84' lang='lat' dir='ltr'><strong>(ci.</strong></span> <span class='ocrx_word' id='word_1_151' title='bbox 1006 3036 1084 3082; x_wconf 88' lang='lat' dir='ltr'><strong>mus.</strong></span> <span class='ocrx_word' id='word_1_152' title='bbox 1114 3017 1200 3083; x_wconf 83' lang='lat' dir='ltr'><strong>rhen.</strong></span> <span class='ocrx_word' id='word_1_153' title='bbox 1229 3038 1259 3082; x_wconf 87' lang='lat' dir='ltr'><strong>n.</strong></span> <span class='ocrx_word' id='word_1_154' title='bbox 1284 3037 1308 3082; x_wconf 81' lang='lat' dir='ltr'><strong>a</strong></span> 
     </span>
     <span class='ocr_line' id='line_1_26' title="bbox 118 3127 1311 3214; baseline 0.002 -22"><span class='ocrx_word' id='word_1_155' title='bbox 118 3133 194 3193; x_wconf 88' lang='lat' dir='ltr'><strong>tom.</strong></span> <span class='ocrx_word' id='word_1_156' title='bbox 217 3127 286 3210; x_wconf 85' lang='lat' dir='ltr'><strong>XX,</strong></span> <span class='ocrx_word' id='word_1_157' title='bbox 316 3147 367 3212; x_wconf 87' lang='lat' dir='ltr'><strong>pg.</strong></span> <span class='ocrx_word' id='word_1_158' title='bbox 391 3131 469 3214; x_wconf 80' lang='lat'>244)</span> <span class='ocrx_word' id='word_1_159' title='bbox 504 3129 583 3194; x_wconf 90' lang='lat' dir='ltr'><strong>mihi</strong></span> <span class='ocrx_word' id='word_1_160' title='bbox 613 3130 740 3195; x_wconf 89' lang='lat' dir='ltr'><strong>minime</strong></span> <span class='ocrx_word' id='word_1_161' title='bbox 771 3147 838 3194; x_wconf 91' lang='lat' dir='ltr'><strong>rem</strong></span> <span class='ocrx_word' id='word_1_162' title='bbox 866 3130 1031 3210; x_wconf 82' lang='lat' dir='ltr'><strong>persuasit,</strong></span> <span class='ocrx_word' id='word_1_163' title='bbox 1060 3128 1311 3213; x_wconf 61' lang='lat' dir='ltr'><strong>quamfpcrsua·</strong></span> 
     </span>
     <span class='ocr_line' id='line_1_27' title="bbox 119 3245 291 3306; baseline 0.012 -2"><span class='ocrx_word' id='word_1_164' title='bbox 119 3257 212 3306; x_wconf 81' lang='lat' dir='ltr'><strong>surus</strong></span> <span class='ocrx_word' id='word_1_165' title='bbox 232 3245 291 3306; x_wconf 89' lang='lat' dir='ltr'><strong>est.</strong></span> 
     </span>
    </p>
   </div>
   <div class='ocr_carea' id='block_1_9' title="bbox 74 3350 1395 4216">
    <p class='ocr_par' dir='ltr' id='par_1_16' title="bbox 74 3350 1311 3880">
     <span class='ocr_line' id='line_1_28' title="bbox 206 3350 1310 3432; baseline -0.001 -17"><span class='ocrx_word' id='word_1_166' title='bbox 206 3350 269 3415; x_wconf 84' lang='lat' dir='ltr'><strong>Gur</strong></span> <span class='ocrx_word' id='word_1_167' title='bbox 291 3352 418 3416; x_wconf 88' lang='lat' dir='ltr'><strong>tandem</strong></span> <span class='ocrx_word' id='word_1_168' title='bbox 440 3369 564 3416; x_wconf 87' lang='lat' dir='ltr'><strong>omnem</strong></span> <span class='ocrx_word' id='word_1_169' title='bbox 590 3351 672 3416; x_wconf 88' lang='lat' dir='ltr'><strong>hanc</strong></span> <span class='ocrx_word' id='word_1_170' title='bbox 698 3369 825 3431; x_wconf 86' lang='lat' dir='ltr'><strong>operam</strong></span> <span class='ocrx_word' id='word_1_171' title='bbox 853 3351 1042 3432; x_wconf 82' lang='lat' dir='ltr'><strong>interpretes</strong></span> <span class='ocrx_word' id='word_1_172' title='bbox 1069 3350 1310 3432; x_wconf 82' lang='lat' dir='ltr'><strong>impenderunt?</strong></span> 
     </span>
     <span class='ocr_line' id='line_1_29' title="bbox 119 3460 1311 3543; baseline -0.001 -17"><span class='ocrx_word' id='word_1_173' title='bbox 119 3460 153 3526; x_wconf 86' lang='lat' dir='ltr'><strong>Si</strong></span> <span class='ocrx_word' id='word_1_174' title='bbox 174 3463 258 3526; x_wconf 91' lang='lat' dir='ltr'><strong>enim</strong></span> <span class='ocrx_word' id='word_1_175' title='bbox 279 3464 350 3543; x_wconf 91' lang='lat' dir='ltr'><strong>quis</strong></span> <span class='ocrx_word' id='word_1_176' title='bbox 372 3462 498 3527; x_wconf 89' lang='lat' dir='ltr'><strong>domum</strong></span> <span class='ocrx_word' id='word_1_177' title='bbox 521 3461 661 3543; x_wconf 89' lang='lat' dir='ltr'><strong>aliquam</strong></span> <span class='ocrx_word' id='word_1_178' title='bbox 684 3462 796 3528; x_wconf 85' lang='lat' dir='ltr'><strong>ardere</strong></span> <span class='ocrx_word' id='word_1_179' title='bbox 817 3463 968 3543; x_wconf 70' lang='lat' dir='ltr'><strong>damant,</strong></span> <span class='ocrx_word' id='word_1_180' title='bbox 991 3461 1055 3526; x_wconf 86' lang='lat' dir='ltr'><strong>iam</strong></span> <span class='ocrx_word' id='word_1_181' title='bbox 1080 3461 1218 3542; x_wconf 91' lang='lat' dir='ltr'><strong>undique</strong></span> <span class='ocrx_word' id='word_1_182' title='bbox 1240 3480 1311 3526; x_wconf 93' lang='lat' dir='ltr'><strong>con·</strong></span> 
     </span>
     <span class='ocr_line' id='line_1_30' title="bbox 74 3551 1310 3657; baseline 0.002 -21"><span class='ocrx_word' id='word_1_183' title='bbox 74 3551 249 3639; x_wconf 65' lang='lat' dir='ltr'><strong>.&#39;currunt</strong></span> <span class='ocrx_word' id='word_1_184' title='bbox 272 3579 313 3654; x_wconf 81' lang='lat' dir='ltr'><strong>et,</strong></span> <span class='ocrx_word' id='word_1_185' title='bbox 343 3574 427 3657; x_wconf 89' lang='lat' dir='ltr'><strong>quod</strong></span> <span class='ocrx_word' id='word_1_186' title='bbox 458 3573 539 3638; x_wconf 83' lang='lat' dir='ltr'><strong>alius</strong></span> <span class='ocrx_word' id='word_1_187' title='bbox 556 3575 665 3646; x_wconf 82' lang='lat' dir='ltr'><strong>,alium</strong></span> <span class='ocrx_word' id='word_1_188' title='bbox 687 3574 787 3653; x_wconf 88' lang='lat' dir='ltr'><strong>docet,</strong></span> <span class='ocrx_word' id='word_1_189' title='bbox 814 3592 920 3638; x_wconf 86' lang='lat' dir='ltr'><strong>omnes</strong></span> <span class='ocrx_word' id='word_1_190' title='bbox 942 3573 1120 3640; x_wconf 89' lang='lat' dir='ltr'><strong>incendium</strong></span> <span class='ocrx_word' id='word_1_191' title='bbox 1147 3591 1216 3638; x_wconf 85' lang='lat' dir='ltr'><strong>essa</strong></span> <span class='ocrx_word' id='word_1_192' title='bbox 1243 3591 1310 3638; x_wconf 89' lang='lat' dir='ltr'><strong>crc-</strong></span> 
     </span>
     <span class='ocr_line' id='line_1_31' title="bbox 119 3684 1311 3769; baseline -0.002 -20"><span class='ocrx_word' id='word_1_193' title='bbox 119 3685 208 3766; x_wconf 81' lang='lat' dir='ltr'><strong>dnnt‚</strong></span> <span class='ocrx_word' id='word_1_194' title='bbox 236 3704 427 3767; x_wconf 87' lang='lat' dir='ltr'><strong>quamquam</strong></span> <span class='ocrx_word' id='word_1_195' title='bbox 454 3704 545 3752; x_wconf 88' lang='lat' dir='ltr'><strong>nemo</strong></span> <span class='ocrx_word' id='word_1_196' title='bbox 565 3684 726 3752; x_wconf 87' lang='lat' dir='ltr'><strong>flammam</strong></span> <span class='ocrx_word' id='word_1_197' title='bbox 746 3686 916 3767; x_wconf 85' lang='lat' dir='ltr'><strong>conspexit.</strong></span> <span class='ocrx_word' id='word_1_198' title='bbox 961 3686 1013 3766; x_wconf 82' lang='lat' dir='ltr'><strong>At,</strong></span> <span class='ocrx_word' id='word_1_199' title='bbox 1036 3687 1219 3769; x_wconf 87' lang='lat' dir='ltr'><strong>priusquam</strong></span> <span class='ocrx_word' id='word_1_200' title='bbox 1240 3701 1311 3748; x_wconf 93' lang='lat' dir='ltr'><strong>con-</strong></span> 
     </span>
     <span class='ocr_line' id='line_1_32' title="bbox 120 3791 1224 3880; baseline 0.001 -20"><span class='ocrx_word' id='word_1_201' title='bbox 120 3797 217 3878; x_wconf 86' lang='lat' dir='ltr'><strong>spexi,</strong></span> <span class='ocrx_word' id='word_1_202' title='bbox 240 3795 399 3862; x_wconf 89' lang='lat' dir='ltr'><strong>flammam</strong></span> <span class='ocrx_word' id='word_1_203' title='bbox 421 3815 462 3862; x_wconf 90' lang='lat' dir='ltr'><strong>ns</strong></span> <span class='ocrx_word' id='word_1_204' title='bbox 484 3815 552 3862; x_wconf 87' lang='lat' dir='ltr'><strong>csse</strong></span> <span class='ocrx_word' id='word_1_205' title='bbox 574 3797 699 3880; x_wconf 87' lang='lat' dir='ltr'><strong>quidem</strong></span> <span class='ocrx_word' id='word_1_206' title='bbox 722 3796 867 3862; x_wconf 89' lang='lat' dir='ltr'><strong>arbitror.</strong></span> <span class='ocrx_word' id='word_1_207' title='bbox 1221 3791 1224 3798; x_wconf 48' lang='lat'><strong>⁴</strong></span> 
     </span>
    </p>

    <p class='ocr_par' dir='ltr' id='par_1_17' title="bbox 119 3903 1395 4216">
     <span class='ocr_line' id='line_1_33' title="bbox 206 3903 1309 3992; baseline -0.003 -19"><span class='ocrx_word' id='word_1_208' title='bbox 206 3907 251 3972; x_wconf 92' lang='lat' dir='ltr'><strong>Ut</strong></span> <span class='ocrx_word' id='word_1_209' title='bbox 273 3911 372 3991; x_wconf 89' lang='lat' dir='ltr'><strong>igitur</strong></span> <span class='ocrx_word' id='word_1_210' title='bbox 392 3927 458 3974; x_wconf 88' lang='lat' dir='ltr'><strong>rem</strong></span> <span class='ocrx_word' id='word_1_211' title='bbox 473 3910 584 3976; x_wconf 83' lang='lat' dir='ltr'><strong>melium</strong></span> <span class='ocrx_word' id='word_1_212' title='bbox 601 3909 805 3992; x_wconf 83' lang='lat' dir='ltr'><strong>exploremus,</strong></span> <span class='ocrx_word' id='word_1_213' title='bbox 828 3910 867 3975; x_wconf 87' lang='lat' dir='ltr'><strong>de</strong></span> <span class='ocrx_word' id='word_1_214' title='bbox 880 3908 975 3974; x_wconf 85' lang='lat' dir='ltr'><strong>verbo</strong></span> <span class='ocrx_word' id='word_1_215' title='bbox 990 3910 1155 3972; x_wconf 73' lang='grc' dir='ltr'><strong><em>τίθεσθαι</em></strong></span> <span class='ocrx_word' id='word_1_216' title='bbox 1169 3903 1309 3986; x_wconf 81' lang='lat' dir='ltr'><strong>paullum</strong></span> 
     </span>
     <span class='ocr_line' id='line_1_34' title="bbox 120 4015 1308 4104; baseline -0.004 -20"><span class='ocrx_word' id='word_1_217' title='bbox 120 4019 274 4100; x_wconf 84' lang='lat' dir='ltr'><strong>disputari</strong></span> <span class='ocrx_word' id='word_1_218' title='bbox 306 4023 430 4088; x_wconf 90' lang='lat' dir='ltr'><strong>attinet.</strong></span> <span class='ocrx_word' id='word_1_219' title='bbox 486 4020 534 4086; x_wconf 90' lang='lat' dir='ltr'><strong>De</strong></span> <span class='ocrx_word' id='word_1_220' title='bbox 562 4039 624 4104; x_wconf 90' lang='lat' dir='ltr'><strong>quo</strong></span> <span class='ocrx_word' id='word_1_221' title='bbox 652 4020 747 4087; x_wconf 85' lang='lat' dir='ltr'><strong>verbo</strong></span> <span class='ocrx_word' id='word_1_222' title='bbox 782 4022 979 4103; x_wconf 73' lang='lat' dir='ltr'><strong>interpretes</strong></span> <span class='ocrx_word' id='word_1_223' title='bbox 1015 4037 1087 4084; x_wconf 90' lang='lat' dir='ltr'><strong>cum</strong></span> <span class='ocrx_word' id='word_1_224' title='bbox 1118 4015 1308 4098; x_wconf 85' lang='lat' dir='ltr'><strong>dubitarent,</strong></span> 
     </span>
     <span class='ocr_line' id='line_1_35' title="bbox 119 4123 1395 4216; baseline -0.002 -21"><span class='ocrx_word' id='word_1_225' title='bbox 119 4149 195 4196; x_wconf 91' lang='lat' dir='ltr'><strong>num</strong></span> <span class='ocrx_word' id='word_1_226' title='bbox 216 4132 374 4198; x_wconf 78' lang='lat' dir='ltr'><strong>interdum</strong></span> <span class='ocrx_word' id='word_1_227' title='bbox 395 4134 488 4214; x_wconf 89' lang='lat' dir='ltr'><strong>idcm,</strong></span> <span class='ocrx_word' id='word_1_228' title='bbox 511 4134 595 4216; x_wconf 90' lang='lat' dir='ltr'><strong>quod</strong></span> <span class='ocrx_word' id='word_1_229' title='bbox 610 4132 782 4216; x_wconf 85' lang='lat' dir='ltr'><strong>„opinari“,</strong></span> <span class='ocrx_word' id='word_1_230' title='bbox 798 4133 924 4214; x_wconf 87' lang='lat' dir='ltr'><strong>diceret,</strong></span> <span class='ocrx_word' id='word_1_231' title='bbox 949 4149 1011 4196; x_wconf 96' lang='lat' dir='ltr'><strong>non</strong></span> <span class='ocrx_word' id='word_1_232' title='bbox 1033 4147 1086 4196; x_wconf 83' lang='lat' dir='ltr'><strong>eos</strong></span> <span class='ocrx_word' id='word_1_233' title='bbox 1108 4127 1309 4194; x_wconf 85' lang='lat' dir='ltr'><strong>dubitaturos</strong></span> <span class='ocrx_word' id='word_1_234' title='bbox 1387 4123 1395 4130; x_wconf 84' lang='grc'><strong>’</strong></span> 
     </span>
    </p>
   </div>
   <div class='ocr_carea' id='block_1_10' title="bbox 123 4247 429 4260">
    <p class='ocr_par' dir='ltr' id='par_1_18' title="bbox 123 4247 429 4260">
     <span class='ocr_line' id='line_1_36' title="bbox 123 4247 429 4260; baseline 0.016 -5"><span class='ocrx_word' id='word_1_235' title='bbox 123 4247 293 4256; x_wconf 43' lang='grc' dir='ltr'><strong>-η--ᾐ</strong></span> <span class='ocrx_word' id='word_1_236' title='bbox 333 4251 429 4260; x_wconf 61' lang='grc' dir='ltr'><strong>ο--ι--ι</strong></span> 
     </span>
    </p>
   </div>
   <div class='ocr_carea' id='block_1_11' title="bbox 120 4249 1301 4440">
    <p class='ocr_par' dir='ltr' id='par_1_19' title="bbox 120 4249 1301 4440">
     <span class='ocr_line' id='line_1_37' title="bbox 190 4249 1301 4357; baseline -0.007 -18"><span class='ocrx_word' id='word_1_237' title='bbox 190 4286 211 4352; x_wconf 83' lang='lat'><strong>¹)</strong></span> <span class='ocrx_word' id='word_1_238' title='bbox 230 4249 432 4354; x_wconf 49' lang='lat' dir='ltr'><strong>quassraece</strong></span> <span class='ocrx_word' id='word_1_239' title='bbox 462 4285 534 4342; x_wconf 85' lang='lat' dir='ltr'><strong>dicta</strong></span> <span class='ocrx_word' id='word_1_240' title='bbox 561 4287 607 4342; x_wconf 88' lang='lat' dir='ltr'><strong>ille</strong></span> <span class='ocrx_word' id='word_1_241' title='bbox 638 4301 699 4342; x_wconf 87' lang='lat' dir='ltr'><strong>esse</strong></span> <span class='ocrx_word' id='word_1_242' title='bbox 726 4293 806 4357; x_wconf 81' lang='lat' dir='ltr'><strong>putat</strong></span> <span class='ocrx_word' id='word_1_243' title='bbox 834 4291 862 4342; x_wconf 89' lang='lat' dir='ltr'><strong>ct</strong></span> <span class='ocrx_word' id='word_1_244' title='bbox 890 4289 1030 4356; x_wconf 85' lang='lat' dir='ltr'><strong>comparat</strong></span> <span class='ocrx_word' id='word_1_245' title='bbox 1058 4278 1196 4353; x_wconf 74' lang='grc' dir='ltr'><strong><em>νικητήρια</em></strong></span> <span class='ocrx_word' id='word_1_246' title='bbox 1223 4275 1301 4332; x_wconf 69' lang='grc' dir='ltr'><strong><em>οὗτοι</em></strong></span> 
     </span>
     <span class='ocr_line' id='line_1_38' title="bbox 120 4367 609 4440; baseline 0.01 -17"><span class='ocrx_word' id='word_1_247' title='bbox 120 4367 217 4424; x_wconf 81' lang='lat' dir='ltr'><strong>Nonne</strong></span> <span class='ocrx_word' id='word_1_248' title='bbox 234 4371 315 4440; x_wconf 80' lang='lat' dir='ltr'><strong>ridet,</strong></span> <span class='ocrx_word' id='word_1_249' title='bbox 334 4377 463 4440; x_wconf 86' lang='lat' dir='ltr'><strong>qnantum</strong></span> <span class='ocrx_word' id='word_1_250' title='bbox 481 4372 609 4432; x_wconf 64' lang='lat' dir='ltr'><strong>morat?</strong></span> 
     </span>
    </p>
   </div>
   <div class='ocr_carea' id='block_1_12' title="bbox 1078 4470 1096 4524">
    <p class='ocr_par' dir='ltr' id='par_1_20' title="bbox 1078 4470 1096 4524">
     <span class='ocr_line' id='line_1_39' title="bbox 1078 4470 1096 4524; baseline 0 0"><span class='ocrx_word' id='word_1_251' title='bbox 1078 4470 1096 4524; x_wconf 82' lang='grc'><strong>3</strong></span> 
     </span>
    </p>
   </div>
   <div class='ocr_carea' id='block_1_13' title="bbox 0 0 1612 5048">
    <p class='ocr_par' dir='ltr' id='par_1_21' title="bbox 0 0 1612 5048">
     <span class='ocr_line' id='line_1_40' title="bbox 0 0 1612 5048; baseline 0 0"><span class='ocrx_word' id='word_1_252' title='bbox 0 0 1612 5048; x_wconf 95' lang='lat' dir='ltr'><strong> </strong></span> 
     </span>
    </p>
   </div>
  </div>
 </body>
</html>
