3204 5048
711 346 756 410 '23

629 431 835 449 κΛΛΛΙΧΛ-ΛΛΜ

133 553 284 621 Karstcni
316 553 501 636 opinionem,
529 552 583 635 qui
613 561 748 639 opacata
774 551 858 616 idem
882 567 961 631 esse,
989 550 1071 631 quod
1098 550 1330 634 τετελεσμένον

139 662 226 734 εἶναι
248 667 334 747 dicit,
358 643 483 731 omnino
504 683 567 730 non
587 663 751 728 ferendam
773 681 841 728 esse
863 661 1010 726 arbitror.

220 779 269 844 De
299 776 560 859 interpretatione
586 793 662 840 vero
690 793 741 840 me
767 773 916 857 pudebat,
950 772 1035 854 quod
1063 771 1328 855 simplicissimam

135 890 284 972 Aeschyli
318 889 518 963 sententiam¹
541 887 598 951 diu
631 905 694 950 non
723 903 931 968 perceperam,
969 903 1050 966 quae
1082 901 1151 950 sero
1186 883 1263 948 mihi
1294 884 1328 948 in

4 1011 5 1016 ’
137 1006 275 1068 mentem
302 1001 398 1067 venit.
449 999 649 1080 Quamquam
677 998 788 1064 solatio
816 998 850 1062 id
878 1001 957 1077 erat,
989 996 1072 1077 quod
1098 1013 1205 1060 omues
1231 995 1329 1059 inter-

4 1123 5 1132 ’
136 1117 242 1194 pretes
264 1130 284 1176 a
306 1131 379 1177 vero
400 1112 492 1192 longe
514 1110 664 1175 aberrare
684 1109 841 1174 videntur.
890 1107 1053 1186 Quaenam
1075 1111 1250 1186 causaest,
1274 1124 1329 1170 cur

137 1224 176 1289 de
198 1224 364 1305 participio
387 1221 523 1298 ἐλπίζον
544 1221 713 1287 dubitent?
750 1221 880 1286 Nullam
902 1177 995 1285 cdrno
1015 1238 1118 1300 neque
1139 1218 1238 1283 ullam
1259 1236 1329 1299 pro

134 1335 294 1414 nuntiant,
317 1338 458 1399 attamen
488 1333 645 1413 dubitant,
674 1333 816 1398 velutin
838 1331 958 1414 ephem.
980 1332 1061 1396 liter.
1084 1329 1167 1397 cath.
1190 1349 1220 1395 a.
1246 1331 1328 1394 1864

135 1447 195 1512 hoc
216 1445 417 1527 participium
440 1451 558 1512 temere
579 1445 795 1526 impugnatur.

222 1554 282 1621 Sed
315 1574 397 1639 quae
428 1563 478 1622 est
509 1575 570 1636 res,
604 1557 693 1620 cuius
724 1573 779 1636 spe
811 1553 1063 1638 Clytaemnestra
1095 1547 1329 1618 commovetur?

135 1667 219 1732 Num
250 1666 378 1732 Troiam
407 1667 515 1732 urbem
543 1667 584 1732 ab
612 1666 740 1730 Achivis
769 1673 984 1748 expugnatum
1011 1665 1052 1728 iri
1078 1664 1209 1746 sperat?
1259 1662 1330 1728 Non

134 1779 182 1843 rei
203 1779 237 1843 id
258 1783 369 1860 aptum
391 1784 449 1860 est,
481 1779 557 1860 quia
579 1797 642 1842 non
665 1778 857 1859 ignoramus,
889 1776 1159 1860 Clytaemnestrae
1178 1793 1241 1839 non
1262 1780 1329 1839 tarn

135 1889 286 1954 interesse
304 1889 430 1955 Troiam
452 1890 626 1973 expugnari
647 1907 743 1971 quarn
765 1907 876 1955 cavere
891 1888 1174 1972 Clytaemnestram
1190 1887 1231 1952 ab
1245 1885 1329 1967 Aga-

135 2019 307 2082 memnone,
331 2003 359 2068 si
375 2003 471 2068 Troia
493 2007 674 2085 expugnata
696 2002 823 2083 rediret,
846 2006 879 2067 et
900 2001 1067 2066 consilium
1089 2017 1200 2081 capere
1222 1997 1329 2062 mariti

134 2112 350 2178 interficiendi.

218 2225 299 2302 Quid
313 2224 432 2305 igitur?
452 2225 531 2305 quid
545 2229 655 2306 sperat
663 2222 938 2306 Clytaemnestra?
959 2221 1071 2287 Nonne
1082 2221 1149 2304 ipse
1159 2219 1329 2303 Aeschylus

132 2355 199 2402 rem
221 2336 383 2401 nobiscum
405 2335 676 2401 communicavit?
705 2353 808 2401 nonne
830 2313 880 2400 res
901 2334 978 2416 ipsis
1000 2331 1105 2400 verbis
1127 2337 1238 2414 aperta
1260 2332 1330 2398 est?

133 2450 230 2530 quid?
258 2465 361 2514 nonne
381 2448 462 2513 nihil
484 2466 562 2529 opus
584 2451 645 2530 est,
676 2447 738 2514 nisi
759 2452 804 2512 ut·
818 2446 923 2510 animo
944 2463 1120 2524 cernamus,
1142 2462 1224 2526 quae
1244 2445 1330 2510 vida-

133 2577 205 2624 mus
228 2559 335 2637 oculis,
364 2564 398 2623 et
420 2559 722 2642 comprehendamus
744 2564 857 2640 mente,
886 2571 967 2638 quae
989 2558 1143 2638 legimus?
1186 2555 1330 2636 Namque

136 2672 182 2736 ita
202 2670 393 2754 Aeschylus:
1284 2651 1285 2656 ἵ

638 2777 704 2847 aida
727 2781 788 2866 γὰρ
812 2793 926 2868 κρατεῖ

292 2891 446 2974 γυναικὸς
468 2887 695 2979 ἀνδρόβουλον
718 2893 856 2970 ἐλπίζον
876 2895 966 2976 κέαρ.

223 3003 366 3086 Nempe
387 3003 593 3068 excubitor
613 3010 764 3084 narrat,
787 3005 857 3069 has
879 3001 1042 3084 vigilias
1063 2999 1268 3067 sustinere
1288 3019 1328 3066 se

4 3181 6 3190 ,
137 3116 405 3181 iussum-esse
432 3133 451 3180 a
482 3113 821 3198 Clytaemnestra,
854 3133 953 3197 quae
985 3131 1086 3178 nunc
1123 3111 1328 3194 imperium

138 3226 322 3292 obtineat
344 3232 383 3292 et
406 3227 519 3292 virili
541 3228 671 3292 animo
693 3247 732 3293 ee
753 3228 1007 3292 obtenturam
1028 3243 1116 3289 esse
1136 3229 1278 3304 sperat.

224 3337 418 3416 Quibuscum
439 3343 638 3420 comparetur
660 3339 762 3404 exitus
784 3338 942 3420 prooemii,
965 3336 1020 3401 ubi
1041 3339 1145 3400 custos
1168 3335 1202 3399 in
1224 3353 1268 3399 ys.
1287 3338 1327 3400 34

139 3450 377 3532 Agamemnona
396 3454 490 3515 vocat
511 3449 672 3514 dominum
694 3449 820 3515 aedium
841 3454 874 3514 et
896 3450 975 3515 haec
996 3447 1101 3514 addit:

292 3561 335 3627 ari
358 3559 390 3627 (λ
411 3560 497 3626 ἄλλα
520 3562 601 3642 σιγῶ
622 3580 668 3644 sq.

139 3673 420 3757 Clytaemnestram
449 3672 630 3756 designans,
662 3691 745 3754 quae
771 3673 840 3754 ipsa
867 3670 1022 3736 dominari
1052 3668 1166 3750 cupiat.
1219 3667 1263 3732 At
1290 3647 1360 3733 na'

4 3843 5 3846 ,
139 3784 178 3850 de
199 3785 258 3850 hoc
280 3783 404 3866 quidem
425 3783 493 3850 loco
520 3786 714 3870 interpretes
740 3784 1038 3862 animadverterunt,
1070 3777 1330 3860 quemadmodum

138 3896 326 3978 compositus
348 3893 389 3958 sit
410 3895 451 3960 ab
474 3893 643 3985 Aeschylo,
667 3916 782 3982 neque,
804 3915 899 3980 quarn
921 3894 962 3960 ad
983 3909 1050 3957 rem
1071 3890 1113 3956 tri
1137 3888 1222 3954 ἄλλα
1244 3908 1333 3971 praa·
1356 3977 1359 3982 Ι

4 3999 5 4006 ’
138 4007 228 4089 cipue
250 4003 357 4070 referri
378 4004 526 4089 debeant,
550 4007 788 4078 intellexerunt.

222 4117 269 4181 De
290 4115 428 4183 versibus
451 4125 570 4200 autem,
595 4122 653 4202 qui
674 4140 761 4187 nnnc
774 4123 958 4202 sequuntur,
981 4113 1156 4180 uberiorem
1178 4111 1333 4192 quaestio·

4 4289 5 4306 ,
136 4246 207 4294 nem
228 4227 351 4294 institui
372 4246 450 4310 opus
473 4237 540 4296 est:

291 4334 358 4405 οὔτ’
383 4339 427 4408 ἂν
447 4342 487 4408 di
508 4333 780 4428 νυκτίπλαγκτον
802 4336 966 4426 ἔνδροσόν
986 4334 1014 4406 τ’
1041 4336 1103 4418 lya
