3204 5048
864 363 905 426 34

779 445 986 463 ὶΝἱΛΑΛΜΙἏ

291 569 388 638 fuisse
417 572 563 652 arbitror,
597 568 626 637 si
653 568 825 634 Henricum
853 567 1046 649 Stephanum
1074 565 1291 660 respexissent,
1326 567 1380 649 qui
1409 586 1479 652 rem
1510 627 1517 643 ,

291 684 455 766 permultis
477 682 626 764 exemplis
646 681 842 747 testificatur.

377 795 435 860 ille
457 795 540 860 enim
563 800 595 860 et
621 797 669 869 εἰς
698 791 819 858 οἰωνὸν
849 795 1014 856 τίθεσθαι
1043 795 1075 854 et
1096 788 1217 854 οἰωνὸν
1238 792 1405 855 τίθεσθαι
1426 811 1479 857 ex·
1595 825 1598 835 Α

290 911 375 972 stare
398 906 601 986 demonstrat,
629 905 675 969 ita
702 911 739 969 ut
767 904 807 968 ab
833 903 889 968 illa
919 901 1091 967 collocandi
1117 902 1274 966 sententia
1296 903 1390 968 istam
1412 905 1479 986 opi·
1576 931 1583 975 1

289 1018 387 1083 nandi
409 1017 535 1084 ductam
557 1035 624 1082 esse
645 1019 807 1099 appareat.
849 1013 963 1096 Atque,
986 1013 1014 1078 si
1034 1013 1149 1094 legeris
1170 1032 1214 1080 vs.
1238 1018 1299 1078 451
1326 1015 1360 1080 in
1383 1014 1477 1098 Soph.

289 1128 386 1195 run:
837 1100 843 1124 '

445 1241 515 1305 ποῦ
535 1238 595 1325 χρὴ
617 1242 783 1304 τίθεσθαι
803 1238 910 1302 ταῦτα
932 1254 977 1316 sq.

288 1349 322 1414 in
343 1368 479 1432 aequum
500 1351 638 1431 modum,
668 1355 763 1431 atque
793 1353 840 1424 εἰς
870 1345 989 1413 οἰωνὸν
1016 1349 1182 1412 τίθεσθαι
1209 1349 1241 1414 id
1268 1349 1387 1415 dictum
1409 1369 1478 1416 esse

288 1460 408 1527 videbis
430 1467 463 1528 et
484 1480 611 1545 prorsus
634 1461 797 1541 rationem,
820 1478 859 1525 ex
873 1478 936 1542 qua
958 1459 1114 1524 sententia
1137 1460 1285 1541 opinandi
1307 1461 1475 1543 exstiterit,
1601 1500 1602 1527 t

286 1573 442 1655 probabis.
496 1572 686 1656 Ceteroquin
712 1571 763 1654 ci,
798 1590 879 1655 quae
907 1570 1159 1637 Schneidewinus
1192 1571 1233 1636 od
1262 1572 1346 1639 hunc
1373 1573 1477 1640 locum

287 1684 458 1750 adnotavit.

371 1795 446 1862 Ideo
475 1797 635 1862 excubitor
662 1796 776 1862 haecce
803 1794 896 1860 dicit:
925 1813 975 1859 res
1000 1793 1197 1859 dominorum
1228 1794 1307 1860 bene
1335 1797 1477 1862 evenisse

285 1907 397 1989 iudico,
430 1908 577 1989 quoniam
599 1906 692 1971 hodie
713 1906 846 1972 miseriis
869 1904 1023 1970 absolvar.
1069 1905 1163 1969 Illurn
1185 1911 1291 1972 autern
1313 1906 1475 1984 fortunam
1601 1962 1602 1965 η

285 2018 545 2107 dominorumad
567 2036 600 2082 se
622 2017 747 2097 referre,
768 2017 837 2099 ipsa
857 2034 907 2082 res
930 2016 1068 2082 ostendit
1089 2034 1190 2098 neque
1212 2035 1289 2099 opus
1312 2023 1361 2083 est
1383 2018 1476 2084 dubi-

284 2131 356 2210 tari,
384 2149 461 2194 num
486 2129 588 2194 medio
615 2129 648 2194 id
675 2129 754 2194 satis
776 2128 977 2210 exprimatur.
1022 2126 1159 2209 Etenim,
1181 2129 1209 2192 si
1230 2129 1332 2195 medio
1354 2136 1476 2196 remoto

284 2242 494 2307 excubitorem
526 2241 570 2307 sic
597 2240 776 2322 loquentem
805 2239 933 2306 seceris:
968 2257 1019 2304 res
1048 2239 1127 2304 bene
1159 2241 1298 2306 evenisse
1327 2241 1474 2324 arbitror,

284 2352 432 2434 quoniam
453 2371 499 2433 sq.
522 2372 584 2418 non
606 2352 709 2417 minus
730 2371 781 2417 res
803 2351 1005 2432 intellegitur.
1043 2349 1269 2432 Repudiandae
1284 2352 1382 2433 igitur
1396 2360 1472 2420 sunt

282 2469 413 2529 cunctae
440 2463 661 2544 dubitationes,
691 2465 725 2527 in
754 2480 831 2545 quas
860 2460 993 2527 forsitan
1019 2461 1082 2526 ista
1109 2461 1242 2527 futurali
1262 2461 1379 2528 forma:
1409 2469 1471 2552 dp

283 2589 384 2658 σομαι
412 2574 541 2640 adducti
573 2575 645 2655 siut,
683 2593 763 2655 quae
796 2573 911 2640 habeat
946 2573 1098 2656 optimam
1125 2593 1235 2640 ansam
1264 2575 1469 2642 coniectandi.

283 2685 429 2752 Ceterum
452 2685 490 2750 cf.
512 2685 763 2751 Hainebachium
785 2685 817 2749 in
839 2704 928 2750 novv.
953 2704 1024 2750 ann.
1048 2684 1134 2765 phill.
1158 2690 1231 2749 torn.
1249 2684 1295 2748 XI
1317 2688 1337 2752 l.
1355 2704 1391 2768 c,
1416 2690 1470 2769 qui

280 2798 343 2862 iam
366 2798 487 2880 pridem
508 2799 699 2864 sententiam
720 2797 869 2879 opinandi
890 2795 1029 2861 defendit
1051 2800 1082 2860 et
1104 2797 1254 2878 exemplis
1268 2801 1468 2867 sustentavit.
1572 2842 1576 2851 -

366 2910 472 2991 Atque
493 2909 551 2996 ἥδε
567 2913 759 2997 φρυκτωρία
780 2909 838 2974 has
854 2926 1016 2990 supremas
1036 2908 1181 2973 excubias
1197 2907 1362 2990 significat,
1386 2912 1471 2976 unde

279 3019 394 3085 iterum
415 3025 513 3102 patet,
542 3040 600 3086 noc
616 3039 727 3085 urnam
755 3025 880 3085 tanturn
907 3018 1004 3085 fuisse
1031 3019 1219 3122 excubitoris
1242 3021 1414 3086 custodiam
1437 3028 1470 3087 et

280 3131 402 3195 dierum
429 3131 604 3196 intervallis
632 3132 666 3196 iu
694 3131 833 3212 singulas
861 3131 1006 3196 excubias
1035 3129 1132 3194 fuisse
1159 3131 1350 3198 distinctam.
1405 3131 1469 3199 sed

279 3261 319 3307 ne
340 3242 422 3307 hanc
443 3243 570 3323 quidem
591 3261 659 3307 rem
680 3243 872 3307 intellectam
899 3260 968 3307 esse
994 3241 1036 3306 ab
1059 3241 1293 3324 interpretibus
1320 3261 1358 3308 ea
1379 3245 1470 3309 testi-

277 3355 380 3418 monio
409 3357 492 3435 sunt,
522 3372 604 3434 quae
625 3353 762 3420 Kechius
784 3354 817 3418 in
838 3353 1061 3420 commentario
1091 3371 1147 3418 suo
1176 3352 1331 3418 disseruit.
1378 3353 1469 3431 Quod

277 3470 385 3529 autern
399 3464 538 3530 Keckius
559 3466 599 3531 de
613 3467 752 3547 praemio
774 3466 881 3547 ahquo
903 3465 988 3545 dicit,
1011 3465 1094 3546 quod
1117 3464 1278 3532 excubitor
1299 3469 1468 3550 exspectet,

276 3594 404 3657 prorsus
427 3575 582 3643 refutabo.
1021 3647 1025 3655 ,
1162 3645 1164 3648 ,
1216 3649 1221 3660 ,
1475 3563 1484 3578 ’

362 3687 419 3752 Eis
439 3688 538 3770 igitur
558 3688 700 3754 recitatis
729 3687 869 3770 graviter
897 3686 1183 3770 interpungendum
1212 3690 1270 3768 est,
1300 3689 1333 3751 et
1363 3690 1467 3752 custos

276 3800 445 3864 revertitur
469 3800 511 3864 ad
539 3818 586 3879 ea,
614 3801 755 3882 quaein
783 3818 829 3865 us.
863 3803 901 3864 ta
931 3799 1019 3863 brevi
1048 3798 1210 3880 attigerat.
1265 3796 1332 3862 Nec
1359 3801 1468 3862 tamen

276 3911 426 3993 apertius,
454 3930 550 3994 quarn
577 3929 673 3994 supra
700 3911 733 3975 in
755 3929 799 3977 vs.
827 3914 862 3974 11
887 3916 920 3975 et
945 3913 993 3990 19,
1021 3910 1193 3992 periculum
1219 3908 1353 3990 expedit,
1382 3909 1467 3990 qnod

274 4021 436 4087 immineat
466 4021 606 4103 aedibus,
639 4041 757 4103 verum,
789 4040 850 4104 quo
886 4022 1047 4088 obscurior
1076 4025 1123 4087 est
1150 4019 1259 4100 oratio,
1298 4037 1334 4084 eo
1364 4019 1466 4100 magis

274 4132 445 4216 Aeschylus
467 4134 606 4200 studium
628 4139 724 4216 auget
746 4133 945 4200 auscultandi
967 4132 1205 4216 spectatoribus.
1247 4130 1334 4209 Quae
1356 4148 1409 4195 ars
1431 4129 1465 4196 in

276 4245 404 4326 reliquis
427 4245 571 4328 Aeschyli
602 4245 773 4328 tragoediis
802 4265 963 4328 nunquam
989 4245 1150 4311 iuvenitur
1178 4248 1210 4308 et
1237 4243 1301 4309 iarn
1328 4241 1466 4324 pertinet

273 4355 314 4420 ad
336 4374 406 4421 eam
427 4357 623 4439 varietatem,
646 4376 727 4440 qnae
749 4358 877 4441 propria
900 4363 949 4422 est
971 4356 1140 4439 Sophoclis.
