3204 5048
779 357 984 452 wll&

284 564 313 630 τ’
335 565 419 630 ἐτῶν
447 567 542 645 atque
564 561 656 627 huius
685 559 839 641 opinionis
866 556 1005 624 subsidio
1034 562 1139 622 cetera
1166 558 1287 639 inserit,
1315 579 1397 641 quae
1430 580 1485 626 ac·
1591 561 1592 566 ’

285 677 461 742 commodat
491 675 531 739 ad
553 673 741 738 scholiastae
770 670 1077 752 interpretationem:
1106 669 1290 752 δυνάστας]
1318 671 1395 749 τούς
1423 673 1484 738 dv-

285 792 447 873 ναμένσνς
476 785 570 872 παρὰ
599 783 641 847 σοὶ
665 781 750 847 ἄλλα
775 784 919 866 σημᾶναι
940 781 1017 857 τούς
1039 781 1182 869 καιρούς.
1228 782 1417 865 Ceteroquin
1438 784 1480 849 ef.

285 899 387 964 Kecki
402 895 659 963 commentarium
680 894 811 958 editioni
825 893 1068 974 Agamemnonis
1084 893 1227 958 additum
1249 913 1301 976 pg.
1317 898 1480 960 ros-10.

374 1009 462 1086 Quae
483 1009 582 1089 igitur
604 1008 667 1070 iam
688 1006 861 1086 leguntur?
904 1004 1028 1070 Scilicet
1057 1005 1154 1069 solem
1182 1006 1353 1087 lunamque
1375 1007 1482 1089 splen·

286 1120 374 1185 didos
396 1121 552 1202 principes
573 1117 738 1196 nominari,
761 1117 814 1198 qui
829 1121 1006 1197 temporum
1022 1116 1267 1181 vicissitudinem
1284 1118 1480 1199 consignent,

286 1232 489 1313 intellegitur.
522 1229 634 1294 Nonne
656 1228 813 1293 sententia
834 1227 1065 1308 simplicissima
1088 1223 1156 1291 est?
1190 1227 1289 1292 Immo
1312 1248 1395 1308 vero,
1419 1230 1482 1295 etsi
1562 1260 1564 1265 ·

287 1344 333 1408 sol
356 1348 387 1408 et
410 1343 485 1407 luna
507 1341 669 1422 aptissime
691 1339 906 1404 indicarentur
928 1338 1072 1421 Aeschyli
1093 1339 1197 1404 uerbis
1220 1345 1371 1420 tamqnam
1393 1341 1481 1422 prin-

288 1455 372 1536 cipes
394 1454 481 1533 coeli,
511 1453 550 1517 ab
581 1451 639 1515 hoc
666 1450 733 1515 loco
762 1449 951 1513 sententiam
980 1450 1115 1514 alienam
1144 1470 1212 1518 esse
1234 1452 1478 1534 meminerimus

287 1567 315 1631 si
336 1584 373 1630 ea
396 1565 552 1630 recordati
575 1563 701 1643 erimus
723 1573 803 1644 quae
826 1581 845 1626 a
867 1561 956 1638 nobis
979 1561 1043 1626 iam
1066 1562 1183 1646 dudum
1206 1563 1346 1644 exposita
1369 1570 1450 1629 sunt.

372 1677 481 1758 Neque
504 1676 588 1740 enim
602 1673 701 1739 Keohi
724 1675 827 1756 opinio
843 1678 981 1739 ceterum
995 1673 1070 1738 ferri
1085 1680 1197 1754 potest.
1230 1675 1258 1738 Ε
1275 1675 1357 1740 enim
1375 1682 1477 1741 ortum

287 1789 489 1854 interitumve
511 1804 665 1851 annorum
686 1785 739 1850 ille
761 1786 887 1866 quidem
908 1783 1014 1865 refert,
1038 1785 1092 1866 qui
1110 1787 1282 1867 complures
1297 1804 1397 1852 annos
1419 1787 1477 1852 sub

288 1901 359 1966 divo
381 1901 606 1981 permanserat,
630 1897 716 1960 velut
731 1897 946 1975 Prometheus,
969 1914 1032 1960 non
1055 1895 1151 1960 refert
1172 1903 1286 1979 custos,
1310 1899 1364 1979 qui
1385 1900 1479 1963 unius

288 2011 365 2077 anni
387 2028 516 2074 munere
537 2008 664 2072 functus
686 2013 764 2072 erat.

373 2121 438 2186 Alii
460 2125 566 2185 autem
588 2121 776 2201 interpretes
798 2117 861 2182 alia
883 2119 1006 2184 ratione
1026 2137 1150 2183 versum
1165 2120 1300 2185 retinere
1315 2127 1476 2200 conantur,

287 2234 374 2300 velut
396 2233 453 2297 Th.
476 2231 632 2313 Berghius
654 2231 687 2294 in
710 2231 790 2295 Phil.
815 2235 889 2294 tom.
910 2229 995 2310 XIV,
1024 2249 1075 2312 pg.
1102 2235 1162 2296 180
1195 2232 1317 2312 suadet,
1345 2238 1382 2298 ut
1405 2233 1478 2298 seri·

215 2418 223 2435 ,
288 2345 396 2410 batur:

441 2454 532 2540 σηρῶ
554 2449 592 2517 θ’
617 2451 698 2517 ὅταν
721 2455 893 2537 φθίνωσιν
914 2471 970 2533 sq„

289 2564 444 2632 Maehlius
467 2565 499 2627 in
522 2582 610 2629 novu.
633 2583 705 2628 ann.
729 2570 803 2628 tom.
827 2563 904 2629 XIV
923 2564 1083 2644 proponit:

445 2711 487 2722 —
509 2713 550 2722 —
576 2711 612 2720 -
637 2711 680 2720 —
702 2671 844 2751 α’ννολας
865 2672 903 2739 o’
926 2673 1035 2762 α’θρῶ,

288 2807 360 2853 cum
388 2786 429 2851 ad
458 2791 574 2870 αἰθέρι
600 2786 757 2866 respiciat,
790 2786 874 2867 quod
908 2787 941 2851 in
969 2806 1061 2852 versu
1093 2787 1298 2852 antecedente
1331 2787 1477 2852 ultimum

288 2900 391 2963 locum
412 2902 508 2962 tenet.
555 2896 601 2962 Of.
625 2897 722 2962 etiam
743 2897 893 2963 Weilium
915 2899 947 2962 in
970 2917 1059 2963 nour.
1084 2919 1156 2966 ann.
1179 2898 1273 2979 XCV,
1296 2917 1347 2979 pg.
1374 2901 1446 2962 291.

375 3007 440 3074 Nec
461 3009 565 3074 minus
587 3009 759 3074 Ahrensius
781 3029 905 3075 versum
927 3010 1077 3092 defendit,
1107 3030 1200 3092 quem
1229 3011 1273 3076 sio
1295 3008 1474 3075 coniciendo

290 3126 409 3185 mutat:

445 3229 542 3314 ᾆστον
562 3229 600 3297 e'
623 3231 705 3298 ὅταν
727 3235 898 3319 φθίνωσιν
920 3251 965 3313 sq.

376 3344 525 3421 Quamvis
551 3349 657 3408 autem
684 3362 800 3424 magna
830 3345 987 3424 sagacitas
1010 3345 1060 3424 sit,
1089 3344 1184 3425 quam
1210 3343 1257 3408 illi
1284 3343 1478 3426 impendunt,

289 3475 415 3521 versum
437 3461 544 3520 tamen
566 3474 749 3521 conservare
770 3473 833 3520 non
855 3461 1034 3536 potuerunt,
1063 3457 1151 3522 euius
1179 3456 1206 3520 si
1235 3455 1360 3520 initium
1389 3473 1479 3521 sana-

290 3572 411 3647 verunt,
441 3573 585 3647 aegrotat
607 3568 725 3646 exitus*
748 3567 796 3652 sin
824 3585 897 3632 vero
926 3567 1043 3632 exitum
1073 3569 1328 3645 emendaverunt,
1352 3567 1479 3631 initium

288 3698 350 3744 non
383 3677 546 3744 ferendum
582 3683 639 3744 est.
690 3677 767 3755 Quis
801 3679 930 3743 tandem
963 3676 1105 3754 ἀντολάς
1133 3701 1168 3741 τε
1197 3678 1265 3742 τῶν
1295 3677 1478 3757 defenderit,

290 3809 371 3872 quae
394 3790 526 3856 durities
548 3789 695 3871 loquendi
718 3789 944 3854 Schneidewini
970 3788 1119 3870 exemplis
1141 3790 1227 3854 nullo
1255 3789 1347 3854 modo
1369 3807 1480 3871 appro-

290 3900 359 3965 bari
380 3907 493 3983 potest.
532 3901 655 3966 Profert
678 3902 761 3966 enim
785 3900 1036 3965 Schneidewinus
1060 3900 1242 3983 Supplicum
1264 3920 1390 3965 versum
1406 3903 1477 3966 358.

290 4015 353 4077 439
383 4017 415 4076 et
442 4013 526 4094 Sept.
560 4017 629 4077 197.
658 4015 730 4092 385,
769 4029 850 4092 quae
878 4012 1020 4094 exempla
1051 4013 1131 4078 bene
1158 4017 1325 4093 testantur,
1355 4013 1479 4096 saepius

290 4123 457 4188 articulum
483 4125 550 4190 sine
577 4123 774 4188 substantivo
802 4123 944 4188 adhiberi
970 4124 1004 4188 in
1032 4123 1205 4204 tragoedia,
1236 4125 1290 4188 sed
1319 4143 1382 4190 non
1410 4141 1480 4206 pro-

289 4234 375 4315 bant,
406 4235 575 4300 articulum
597 4235 716 4299 nudum
739 4234 771 4300 in
793 4235 904 4300 ultimo
926 4234 993 4300 loco
1015 4235 1147 4299 alieuius
1169 4236 1325 4301 enuntiati
1346 4240 1478 4300 exstare.

290 4345 360 4426 Sed,
387 4346 470 4430 quod
492 4346 533 4411 ad
555 4342 698 4433 ἀστέρας
719 4345 844 4426 attinet,
873 4345 931 4411 hoc
952 4347 1092 4427 verbum,
1121 4350 1326 4428 posteaquam
1349 4345 1480 4435 ἄστρων
1551 4375 1554 4382 ·
