3204 5048
677 389 718 452 29

592 471 798 488 ΛΙΧΛΛΝἱΛ-ΛΛΙ

184 591 281 656 Velut
302 589 336 653 in
358 590 601 672 Agamemnonis
622 610 668 657 vs.
694 593 771 656 330:

254 700 332 776 τούς
354 699 386 766 δ’
407 700 488 769 αὖτε
510 703 771 785 νυκτίπλαγκτος
795 701 832 768 ἐκ
853 703 961 788 μάχης
981 700 1085 778 πόνος

254 812 382 898 νήστεις
402 815 486 902 πρὸς
507 814 704 903 α’ρίστοισιν,
728 811 776 880 ὧν
799 815 864 897 ἔχει
885 812 993 894 πόλις,

255 924 375 990 τάσσει
397 945 442 1009 sq.

4 1077 5 1098 2
98 1051 162 1097 non
189 1034 279 1100 labor
311 1043 526 1102 nocturnus
555 1037 783 1120 intellegendus
811 1040 868 1119 est,
899 1038 954 1102 sed
986 1036 1134 1120 exprimit
1160 1035 1291 1100 verbum

99 1161 264 1210 errorem
307 1147 508 1230 Achivorum,
554 1149 610 1231 qui
645 1154 741 1214 noctu
778 1150 881 1215 somni
917 1149 1055 1230 gratiam
1094 1151 1289 1213 aversantur.

99 1255 203 1333 Quare
230 1277 292 1324 non
321 1278 393 1324 cum
414 1260 452 1325 G.
476 1261 666 1342 Hermanno,
696 1261 827 1341 Keokio,
856 1260 1017 1325 Wundero
1038 1259 1208 1338 consentio,
1236 1257 1291 1338 qui

100 1373 308 1447 „noctumnm
329 1371 487 1437 laborem“
510 1373 761 1454 interpretantur
782 1391 841 1438 nec
863 1391 938 1438 vero
959 1390 1029 1437 oum
1045 1370 1289 1450 Schneidewino,

99 1479 153 1558 qui
174 1479 246 1560 plus
268 1482 301 1545 in
323 1482 418 1549 verbo
439 1485 546 1564 sentit,
576 1503 671 1565 quam
694 1485 771 1549 dicit
792 1477 896 1565 potita,
924 1489 957 1548 et
984 1488 1113 1565 propter
1134 1482 1222 1548 urbis
1244 1481 1291 1545 in·

100 1590 263 1656 scientiam
286 1593 421 1660 Achivos
443 1596 656 1676 nequidquam
679 1599 821 1658 errantes
843 1591 930 1658 facit.

187 1703 384 1769 Postremum
416 1725 490 1771 vero
517 1706 549 1770 in
578 1704 714 1786 Ghoeph.
744 1723 789 1770 vs.
818 1708 878 1768 751
909 1705 1155 1786 νοκτίπλανντοι
1184 1702 1291 1770 κελεύ-

102 1829 213 1896 σματα
251 1816 292 1881 ad
327 1818 452 1898 vagitus
486 1817 636 1882 sollicitos
671 1820 823 1898 spectare,
858 1817 911 1898 qni
944 1821 1076 1881 errant
1111 1815 1202 1896 quasi
1236 1834 1292 1896 per

100 1930 224 1991 noctem
259 1946 360 2010 neque
395 1947 539 1994 somnum
572 1928 633 1994 sibi
659 1917 835 2010 vendicent,
870 1929 1029 2010 quianon
1062 1927 1168 1992 videt?
1211 1926 1292 1990 Her-

100 2053 234 2103 mannus
256 2041 354 2120 igitur
376 2041 468 2122 longe
491 2041 581 2106 abest
596 2060 616 2105 a
631 2058 714 2120 vero,
737 2041 820 2121 quod
842 2039 939 2104 etiam
960 2039 1100 2104 hocloco
1123 2044 1291 2103 nocturnos

100 2148 225 2227 vagitus
252 2149 489 2230 interpretatur.
537 2150 642 2231 Atque
671 2150 813 2233 deipara
843 2149 1100 2231 νυκτίπλαγκτον,
1129 2168 1211 2230 quae
1240 2168 1292 2213 ex·

100 2263 187 2352 stant
210 2260 243 2323 in
260 2259 397 2342 Chobph.
413 2279 458 2326 vs.
476 2265 537 2324 524
561 2261 670 2325 eadem
685 2263 808 2327 ratione
826 2261 1054 2343 intellegimus3
1077 2278 1152 2325 nam
1168 2265 1293 2326 ostenta

100 2389 158 2452 per
171 2371 362 2436 tacitmnam
379 2377 503 2438 noctem
525 2377 684 2454 vagantur
704 2379 738 2438 et
759 2391 901 2440 somnum
924 2371 1110 2438 mortalibus
1133 2371 1290 2437 auserunt.

186 2482 269 2548 Sane
292 2501 342 2549 res
360 2490 409 2550 est
423 2485 612 2551 testimoniis
627 2484 811 2568 approbata,
834 2503 906 2550 oum
921 2485 1000 2550 alios
1020 2490 1090 2549 tum
1104 2485 1292 2568 Aeschylum

101 2594 235 2659 alteram
262 2601 386 2677 partem
414 2598 497 2663 vocis
527 2597 668 2678 alicuius,
696 2616 778 2678 quae
803 2597 976 2679 composita
1005 2600 1062 2676 est,
1090 2597 1292 2678 repressisse;

101 2712 327 2788 verumtamen,
349 2709 376 2774 si
398 2709 545 2774 adiectivi
567 2709 668 2773 omnis
690 2709 780 2789 vigor
801 2708 904 2772 altera
924 2713 1016 2788 parte
1038 2708 1225 2785 continetur,
1256 2710 1292 2771 ut

101 2816 193 2883 huius
215 2819 371 2902 adiectivi,
394 2839 457 2884 non
478 2820 546 2884 sine
568 2837 663 2883 causa
684 2819 732 2883 vis
755 2817 843 2882 verbi
864 2816 1065 2899 infringenda
1086 2821 1144 2882 est.

187 2931 339 3010 Quocirca
375 2930 561 3011 exprimitur
596 2929 692 2995 verbo
722 2927 869 3022 omnibus
907 2929 983 2994 locis
1019 2927 1149 3009 aliquid,
1192 2927 1292 3010 quod

101 3043 208 3107 nocti
230 3047 268 3107 et
290 3047 478 3108 nocturno
497 3041 666 3108 silentio
692 3058 765 3105 non
793 3040 981 3105 convenit
1008 3045 1106 3122 atque
1127 3040 1173 3104 ita
1196 3038 1292 3104 verbo

101 3153 240 3235 exposito
251 3154 365 3234 omnia,
380 3172 460 3236 quae
471 3152 708 3234 dubitabantur,
722 3157 755 3217 et
764 3151 859 3217 Weili
873 3153 1051 3217 coniectura
1063 3154 1291 3233 νοιτίπαχνον

64 3278 69 3291 ·
101 3263 154 3348 (cl.
174 3283 265 3329 novv.
289 3283 361 3329 ann.
384 3265 472 3347 phill.
492 3270 566 3330 tom.
589 3263 761 3345 LXXXIX,
783 3282 836 3346 pg.
854 3263 931 3350 291)
952 3263 1115 3328 concidere
1136 3262 1290 3327 videntur.

186 3376 232 3442 Ut
253 3380 360 3440 autem
382 3393 559 3457 pergamus,
587 3376 794 3456 suspicionem
816 3374 976 3456 quandam
998 3392 1049 3438 res
1071 3377 1185 3453 movet,
1207 3373 1292 3454 quod

101 3487 231 3552 verbum
253 3486 358 3563 ὕπνος
380 3487 413 3552 in
435 3486 522 3551 brevi
544 3487 709 3553 enuntiato
736 3487 805 3552 sine
833 3503 929 3550 causa
950 3485 1105 3567 repetitur
1134 3487 1230 3566 atque
1258 3485 1292 3548 in

101 3618 145 3665 ve.
173 3603 210 3663 17
233 3600 348 3665 iterum
371 3599 487 3664 existit.
532 3597 645 3678 Itaque
673 3599 849 3679 complures
870 3596 1068 3678 interpretes,
1099 3597 1154 3678 qui
1175 3596 1236 3661 bac
1257 3613 1292 3660 re

4 3719 5 3726 ’
101 3711 349 3792 offendebantur,
379 3715 534 3776 nontam
563 3705 645 3775 ἄνθ’
668 3708 776 3774 ὕπνον
804 3708 837 3772 in
859 3725 904 3773 vs
931 3712 981 3788 ld,
1011 3725 1107 3790 quam
1135 3706 1230 3796 ὕπνῳ
1258 3706 1292 3770 in

4 3839 5 3846 ¹
101 3841 145 3888 vs.
166 3826 204 3886 15
225 3827 434 3902 removemnt,
456 3821 543 3887 velut
559 3821 747 3888 Karstenius
762 3818 873 3886 scribit
896 3816 992 3902 ὕκνιῦ,
1015 3819 1153 3886 Keckius
1173 3819 1291 3897 πόνον,

101 3935 155 3999 ille
174 3935 207 3999 in
224 3936 294 4017 eph.
314 3933 661 4020 lit.oath.l.o.1inap.
684 3925 793 4017 (quam
815 3931 941 4014 quidem
963 3933 1175 3998 coniecturam
1196 3947 1292 3994 unam

101 4065 139 4111 ex
171 4045 315 4110 omnibus
347 4045 510 4128 improbo),
546 4044 681 4127 denique
713 4043 870 4110 Machlius
902 4045 936 4109 in
968 4063 1059 4110 novv.
1092 4061 1165 4108 ann.
1201 4041 1290 4125 phill.

102 4163 176 4224 tom.
198 4157 283 4239 XIV,
311 4176 363 4239 pg.
387 4161 450 4223 426
473 4157 541 4243 ἐμέ.
585 4156 741 4238 Equidem
763 4155 871 4220 malim
893 4155 978 4222 istud
1001 4151 1083 4222 aiud²
1105 4152 1213 4220 ὕπνον
1235 4153 1293 4218 im·

101 4287 252 4353 pugnare,
275 4287 370 4351 quam
392 4268 497 4360 ὕπνῳ,
521 4268 605 4352 quod
627 4268 724 4333 etiam
744 4284 790 4332 vs.
813 4265 908 4333 tertio
929 4267 964 4334 in
985 4265 1069 4352 Sept.
1092 4265 1133 4332 ad
1155 4264 1269 4334 Theb:

256 4417 300 4429 —
322 4418 362 4428 -
385 4379 539 4469 βλέφαρα
559 4379 604 4469 μὴ
627 4380 751 4466 κοιμῶν
771 4377 866 4470 ὕπνῳ
