3204 5048
840 330 881 390 36

759 411 801 425 AB
804 411 964 427 AMNxflJv

424 536 470 619 φῆ
492 531 555 618 γάρ
577 528 625 614 ὅγ’
648 529 798 617 αἱρήσειν
821 529 974 616 Πριάμου
997 529 1097 601 πόλιν
1118 527 1218 612 ἤματι
1240 534 1370 619 κείνῳ,’

423 643 548 728 νήπιος,
573 638 651 712 οὐδὲ
673 641 715 706 τοὶ
737 640 809 734 ᾔδη,
833 642 855 706 ἅ
878 642 922 724 ῥα
947 640 1029 716 Ζεύς
1050 639 1171 724 μήδετο
1195 640 1290 726 ἔργα·

423 754 543 839 θήσειν
565 753 626 840 γὰρ
651 749 695 818 ἔτ’
719 753 851 837 ἔμελλεν
874 749 927 818 ἐπ’
951 750 1052 834 ἄλγεά
1074 775 1109 816 τε
1134 749 1299 832 στοναχάς
1321 775 1355 816 τε

429 869 540 951 Τρωσί
560 888 595 928 τε
618 873 674 929 καὶ
697 868 861 929 Δαναοῖσι
882 863 939 928 dcci
953 867 1122 950 ’κρατερᾶς
1145 858 1295 946 ὑσμίνας.

354 976 414 1054 Qui
436 977 521 1042 locus
541 974 774 1040 Panzerbieteri
797 976 974 1057 opinionem
996 975 1074 1040 satis
1095 973 1285 1053 defenderet,
1308 974 1370 1038 nisi
1390 975 1461 1057 ipsa

269 1105 319 1152 res
342 1087 426 1155 idem
448 1087 687 1158 demonstraret.
732 1086 905 1152 Ahrensius
926 1105 1009 1166 vero,
1037 1105 1107 1150 cum
1135 1085 1251 1168 proelia
1274 1085 1381 1150 decem
1404 1105 1462 1150 an-

270 1210 381 1262 norum
417 1200 594 1286 προτέλεια
627 1198 782 1264 nominari
820 1216 910 1278 posse
946 1203 1086 1278 negaret,
1128 1197 1331 1260 acerbitatem
1372 1199 1461 1262 verbi

271 1311 394 1374 omnino
422 1327 485 1374 non
514 1310 679 1390 perspexit,
711 1328 773 1390 qua
801 1309 992 1374 diuturnitas
1023 1309 1070 1372 rei
1104 1309 1236 1388 exiguae
1264 1309 1460 1389 exprimitur.

271 1420 332 1484 Sed
355 1419 489 1484 dhrensi
511 1421 616 1500 opinio
642 1438 841 1502 nequaquam
862 1419 990 1484 ferenda
1013 1425 1070 1498 est,
1099 1421 1162 1500 qui,
1191 1439 1262 1484 curn
1289 1420 1329 1484 ad
1352 1412 1462 1485 immo-

269 1531 420 1596 lationem
435 1531 618 1612 lphigeniae
631 1531 786 1611 respiciat,
799 1532 953 1612 explicare
969 1531 1111 1612 debebat,
1128 1549 1197 1594 earn
1213 1531 1462 1596 immolationem

271 1659 333 1708 non
356 1643 459 1706 minus
481 1642 626 1708 Troianis
647 1642 809 1708 molestam
831 1641 936 1708 fuisse.
978 1644 1108 1729 (Τρωσί
1129 1638 1167 1705 θ’
1190 1637 1337 1725 ὁμοίως.)
1371 1641 1462 1719 Quod

271 1773 328 1818 nec
362 1753 589 1820 demonstravit
616 1753 788 1818 Ahrensius
820 1773 878 1818 nec
915 1754 1129 1822 demonstrare
1158 1754 1270 1834 potuit.
1322 1753 1462 1836 Accedit,

273 1865 356 1947 quod
368 1865 548 1958 Ιπροτέλεια
561 1864 709 1945 κάμακος
723 1865 815 1929 ninris
831 1864 998 1930 artificiose
1009 1865 1049 1929 ab
1059 1864 1213 1930 Ahrensio
1223 1870 1461 1945 componuntur.
1573 1883 1578 1891 ·

358 1974 401 2039 Et
428 1977 540 2060 Τρωσί
560 1972 598 2038 θ’
620 1970 741 2056 ὁμοίως
769 1993 832 2039 non
860 1975 900 2038 ad
928 1994 973 2056 ea,
1004 1993 1084 2056 quae
1106 1980 1289 2058 sequuntur,
1312 1976 1460 2056 adiungo,

273 2086 328 2151 sed
364 2086 404 2149 ad
441 2104 489 2165 ea,
525 2103 606 2166 quae
643 2086 843 2166 praecedunt.
901 2085 1061 2162 Quomodo
1097 2087 1181 2150 enim
1216 2086 1319 2152 verba'
1352 2090 1465 2172 Τρωσί

273 2193 310 2261 θ’
334 2193 454 2279 ὁμοίως
476 2197 559 2260 tanti
580 2197 724 2277 ponderis
747 2201 860 2278 essent,
889 2202 1042 2278 quantum
1065 2199 1110 2262 eis
1132 2198 1275 2262 nonnulli
1298 2198 1464 2262 tribuunt?

273 2308 413 2372 Verbum
435 2313 542 2371 autem
566 2304 687 2390 ὁμοίως
709 2327 781 2373 curn
803 2313 934 2373 τέ-τέ
956 2309 1100 2374 hocloco
1123 2327 1223 2396 aeque
1244 2309 1380 2391 positum
1404 2315 1463 2391 est,

275 2425 369 2501 atque
392 2420 424 2482 in
439 2419 539 2482 latina
555 2419 663 2499 lingua
686 2438 770 2499 „una
786 2424 935 2500 et—et“,
959 2420 1161 2502 quamobrem
1177 2439 1239 2484 non
1255 2421 1295 2484 ad
1312 2421 1463 2486 Troianos

274 2531 356 2595 solos
383 2530 530 2610 pertinet,
561 2548 669 2594 verum
695 2549 757 2594 non
786 2531 889 2595 minus
919 2533 961 2597 ad
988 2508 1131 2598 Achinos.
1176 2531 1303 2596 Etenim
1332 2533 1464 2597 numid

274 2641 446 2722 Aeschylus
469 2641 610 2705 dicturus
632 2646 689 2720 est,
714 2642 865 2707 Troianos
886 2661 948 2706 non
971 2645 1073 2708 minus
1094 2642 1195 2722 malis,
1219 2661 1313 2722 quarn
1329 2643 1464 2708 Achivos

275 2751 461 2817 afflictatum
484 2752 545 2816 iri?
589 2752 638 2817 An
661 2771 734 2817 vero
756 2753 789 2816 id
811 2754 937 2833 dieitur,
957 2773 1020 2818 non
1043 2755 1145 2819 minus
1168 2731 1294 2818 Achivis
1316 2753 1349 2816 id
1371 2773 1464 2819 even·

275 2869 382 2930 turum
411 2882 488 2942 esse,
518 2883 612 2944 quam
637 2864 802 2928 Troianis?
846 2865 948 2942 Quam
975 2866 1164 2930 sententiam
1192 2883 1352 2946 nunquam
1380 2885 1463 2930 asse-

276 2993 416 3055 quemur,
451 2975 513 3039 nisi
542 2972 663 3058 ὁμοίως
690 2976 723 3038 in
749 2995 820 3040 eurn
848 2977 984 3056 modum,
1019 2996 1110 3058 quem
1138 2977 1295 3058 proposui,
1330 2976 1463 3056 explica-

276 3087 420 3150 verimus
466 3085 512 3152 df.
537 3086 672 3167 Choeph.
696 3106 740 3150 vs,
766 3090 903 3152 336-7.
931 3087 1023 3153 Eum.
1048 3091 1184 3152 276-7.
1216 3088 1308 3154 Eum.
1333 3091 1405 3151 525.

718 3283 1023 3292 ...ἡὴ-...-

362 3419 439 3484 inde
460 3438 480 3484 a
500 3436 594 3482 versu
617 3423 657 3484 76
679 3418 755 3484 haec
778 3424 919 3484 exstant:

432 3529 450 3594 ὅ
473 3553 508 3594 τε
530 3529 593 3615 γὰρ
615 3529 733 3615 νεαρὸς
754 3528 872 3612 μυελὸς
895 3533 1040 3616 στέρνων

433 3640 525 3717 ε’ντὸς
548 3637 708 3723 ἀνᾴσσων

434 3753 644 3838 ἰσόπρεσβυς,
664 3751 759 3839 Ἄρης
783 3749 813 3816 δ’
837 3750 897 3817 οὖν
920 3752 968 3818 ἔνι
990 3789 1032 3798 -

432 3866 466 3927 τί
488 3861 525 3928 θ’
550 3859 756 3950 ὑπέργηρως

432 3973 600 4059 φυλλάδος
623 3973 683 4059 ἤδη
706 3976 1001 4060 κατακαρφομένης

433 4084 597 4171 τρίποδας
617 4089 679 4167 μὲν
701 4080 799 4158 odota
822 4087 953 4165 στείχει,
976 4081 1098 4158 παιδὸς
1120 4079 1151 4147 δ’

435 4193 535 4261 οὐδὲν
557 4194 678 4282 ἀρείων

435 4304 517 4391 ὄναρ
540 4302 769 4394 ἡμερόφαντον
792 4301 930 4370 ἀλαίνει.
