3204 5048
933 331 954 395 6

841 418 1047 434 ΛΛΝΣΛΛΛιΛ-Αιέ

354 538 409 602 sed
423 556 461 601 ea
475 555 510 601 re
524 534 659 601 maxime
672 537 804 618 insignis
819 541 876 617 est,
892 536 975 618 quod
990 538 1103 601 cuncta
1114 539 1183 600 arte
1198 535 1346 616 colligata
1357 539 1436 601 sunt
1457 541 1496 602 et
1508 556 1560 601 res

353 649 399 712 rei
414 647 590 729 respondet,
607 649 763 713 sententia
779 648 913 714 concinit
927 648 1113 713 sententiae.
1143 646 1234 724 Quod
1248 666 1362 712 verum
1372 667 1445 713 esse
1463 649 1560 729 ipsae

352 760 461 824 urinae
476 759 566 824 nobis
588 759 766 840 ostendunt,
790 777 879 841 quae,
902 760 1028 825 etiamsi
1043 759 1152 841 quales
1167 757 1294 839 fuerint,
1311 759 1505 847 ignoramus
1525 767 1560 826 et

352 871 613 954 quemadmodum
635 872 849 937 restituendae
871 871 944 951 sint,
967 875 1073 936 tamen
1096 889 1130 936 se
1151 870 1287 956 grandes
1301 869 1400 936 fuisse
1416 871 1560 936 demon·

351 988 455 1048 strant
476 988 518 1062 et,
540 983 567 1047 si
589 981 669 1047 forte
690 983 881 1062 reficiantur,
911 982 1046 1063 grandes
1068 1000 1103 1047 se
1125 1001 1192 1047 esse
1213 982 1294 1048 velle
1322 984 1559 1064 pronuntiant.

437 1094 540 1176 Igitur
567 1112 680 1158 munus
709 1098 910 1176 suscepturus
943 1092 1173 1176 interpretandi
1200 1093 1234 1157 in
1263 1094 1418 1176 Aeschylo
1450 1095 1559 1178 locos,

351 1207 405 1287 qui
433 1206 510 1270 mihi
538 1205 579 1269 ab
607 1205 678 1270 aliis
705 1225 767 1271 non
799 1210 884 1272 reete
916 1205 1062 1287 explicati
1091 1222 1158 1270 esse
1186 1204 1342 1286 videntur,
1376 1207 1558 1273 enucleare

351 1317 492 1393 studebo.
525 1317 605 1381 Tum
627 1317 787 1398 opiniones
808 1317 872 1380 iam
893 1317 935 1381 ab
955 1317 1026 1381 aliis
1046 1315 1262 1397 labefactatas,
1285 1317 1313 1382 si
1334 1318 1424 1382 novis
1448 1337 1555 1399 argu-

351 1429 464 1494 mentis
493 1428 610 1492 reicere
638 1433 756 1509 potero,
789 1428 890 1492 denuo
918 1427 1117 1509 impugnabo,
1147 1433 1183 1491 ut
1205 1427 1306 1508 magis
1328 1427 1553 1511 confutentur,

350 1540 485 1620 denique
511 1538 671 1620 opiniones
699 1539 842 1619 aliorum,
876 1557 957 1620 quae
989 1538 1068 1602 mihi
1101 1539 1234 1619 placent,
1267 1539 1295 1604 si
1324 1538 1400 1620 quid
1430 1539 1551 1623 habeo,

350 1669 412 1732 quo
434 1649 647 1732 approbentur
668 1655 701 1715 et
723 1650 954 1730 confirmentur,
977 1668 1085 1714 rursus
1106 1650 1252 1731 laudabo,
1268 1655 1304 1714 ut
1318 1651 1550 1717 auctoritatem

350 1779 459 1826 earum
481 1761 654 1841 vel-magis
676 1780 871 1843 exaggerem.
909 1762 1045 1841 Etenim,
1068 1780 1139 1850 curn
1154 1762 1286 1842 videam,
1309 1780 1404 1843 quam
1419 1762 1549 1827 incerta

349 1873 392 1937 sit
414 1877 447 1936 et
468 1872 617 1952 ambigua
639 1871 688 1936 his
710 1873 902 1956 temporibus
924 1873 1007 1938 ratio
1029 1873 1266 1955 interpretandi,
1287 1873 1334 1937 ita
1354 1877 1390 1938 ut
1405 1875 1547 1955 saepiuS,

349 2001 445 2065 quam
467 1982 515 2048 ias
538 1988 596 2063 est,
625 1989 730 2048 rectae
757 1983 919 2065 opiniones
947 1990 1175 2064 removeantur,
1203 2002 1294 2048 omne
1317 1990 1544 2065 argumentum

348 2095 456 2176 magni
477 2093 568 2175 facio,
591 2095 675 2175 quod
690 2092 816 2174 efficiat,
840 2099 876 2159 ut
890 2095 993 2160 miuus
1009 2094 1198 2161 dissentiant
1212 2095 1410 2177 interpretes.
1434 2095 1543 2173 Quare

348 2207 514 2272 veritatem
536 2206 761 2287 indagantibus
782 2205 873 2272 uobis
895 2208 1104 2289 temperantia
1126 2226 1204 2290 opus
1226 2211 1274 2272 est
1293 2225 1331 2271 ac
1347 2226 1387 2271 ue
1407 2208 1541 2290 exiguae

349 2318 476 2400 quidem
497 2335 549 2382 res
571 2317 816 2382 contemnendae
837 2323 920 2382 sunt.
945 2355 986 2365 -
1009 2318 1114 2398 Atque
1136 2320 1176 2383 dc
1204 2319 1259 2397 eis,
1288 2336 1370 2398 quae
1397 2320 1539 2386 homines

338 2428 431 2505 ,docti
452 2446 552 2510 nuper
574 2427 613 2493 de
634 2429 783 2493 orationis
804 2428 937 2509 singulis
966 2428 1114 2493 membris
1145 2430 1230 2511 apud
1257 2428 1443 2511 Aeschylum
1473 2431 1536 2498 dis-

347 2544 553 2623 ceptaverunt
575 2543 607 2602 et
630 2539 669 2605 de
691 2540 842 2620 versibus,
873 2540 927 2621 qui
951 2539 1035 2604 iuter
1063 2557 1097 2604 se
1119 2541 1328 2622 respondeant
1350 2558 1479 2606 numero
1501 2548 1533 2607 et

346 2669 407 2718 usu
433 2651 608 2732 verborum,
636 2669 736 2732 pauca
763 2648 901 2732 praefari
934 2650 1041 2717 debeo.
1085 2650 1131 2716 Ut
1165 2651 1248 2715 enim
1276 2670 1344 2715 rem
1369 2669 1533 2736 quamque,

347 2781 442 2845 quam
464 2781 521 2843 pro
542 2781 577 2826 re
597 2763 718 2828 sincera
740 2767 918 2844 susceptam
940 2781 1008 2828 esse
1023 2762 1122 2844 video,
1146 2781 1268 2844 semper
1290 2762 1442 2828 honorare
1460 2782 1530 2828 con-

347 2874 444 2954 suevi,
466 2874 513 2938 ita
534 2872 675 2938 laborem
697 2892 814 2953 eorum,
837 2874 890 2955 qui
911 2875 953 2939 ad
975 2893 1088 2940 novam
1109 2893 1177 2939 rem
1196 2878 1392 2940 accesserunt
1406 2874 1530 2939 investi-

346 2985 485 3066 gandam
507 2989 539 3050 et
561 3003 632 3050 eam
653 3004 730 3064 rem,
753 3003 833 3065 quae
855 2986 963 3051 labore
984 2986 1080 3068 digna
1102 2985 1153 3065 sit,
1176 2984 1306 3066 plurimi
1320 2985 1407 3064 duco,
1422 3003 1529 3067 quam-

346 3116 442 3178 quam
469 3096 608 3160 nondum
637 3095 797 3177 cognitum
827 3095 936 3177 habeo,
965 3114 1041 3184 nurn
1069 3097 1124 3162 illa
1153 3097 1204 3162 lex
1231 3102 1264 3161 et
1291 3097 1373 3161 ratio
1393 3115 1465 3161 vera
1486 3098 1527 3162 sit

345 3225 444 3274 necue
466 3212 507 3290 et,
537 3207 565 3271 si
593 3206 719 3289 quando
739 3225 814 3271 vera
835 3206 888 3288 sit,
909 3212 946 3272 ut
968 3208 1087 3289 opinor,
1115 3226 1191 3273 num
1220 3207 1362 3274 omnibus
1390 3209 1525 3289 partibus

345 3319 500 3384 sewauda
522 3323 554 3384 et
576 3318 755 3384 adhibenda
777 3321 827 3386 sit.
872 3319 953 3384 Rem
975 3326 1090 3401 autem,
1118 3338 1179 3402 quo
1208 3320 1311 3383 minus
1339 3318 1438 3384 adhuc
1458 3337 1524 3400 per-

344 3431 440 3512 spexi,
467 3449 503 3496 eo
532 3431 631 3512 pluris
660 3451 710 3496 me
737 3431 841 3496 facere
868 3432 967 3498 decet.
1012 3431 1125 3513 Itaque
1147 3430 1300 3496 modestia
1322 3434 1396 3495 utar
1415 3430 1446 3493 in
1466 3431 1522 3496 hac

344 3542 485 3607 novitate
513 3560 618 3606 rerum
645 3543 695 3608 vel
719 3543 834 3625 potina,
869 3561 909 3607 ne
936 3542 1139 3608 immodestus
1173 3543 1233 3608 sim
1268 3540 1308 3605 ob
1336 3541 1520 3623 modestiam,

343 3669 446 3734 cogor,
476 3657 512 3716 ut
540 3659 616 3718 utar
644 3654 807 3721 modestia.
859 3654 945 3720 Nihil
973 3655 1081 3736 igitur,
1116 3653 1178 3718 nisi
1206 3651 1360 3717 Graecam
1390 3652 1518 3733 linguam

344 3764 472 3845 eiusque
493 3764 579 3845 leges
601 3767 787 3848 comparabo
810 3785 878 3838 curn
901 3766 955 3845 eis,
978 3783 1060 3847 quae
1081 3763 1254 3846 Aeschylus
1276 3762 1396 3828 Graeca
1421 3763 1518 3844 lingua

343 3880 376 3940 et
398 3875 526 3942 Graecis
554 3877 695 3942 versibus
723 3877 800 3942 dicit
828 3878 894 3942 sive
922 3877 1064 3941 dicturus
1093 3880 1151 3940 est.
1196 3874 1298 3952 Quam
1321 3892 1442 3956 operam
1460 3891 1517 3938 non

342 3992 458 4068 metuo,
485 4005 526 4052 na
553 3986 693 4054 homines
720 3988 805 4054 docti
832 3987 1016 4069 despiciant,
1046 3987 1101 4069 qui
1131 3987 1268 4068 amplam
1290 4003 1414 4067 operam
1433 3984 1516 4050 collo

342 4103 493 4164 caverunt
513 4102 610 4180 atque
631 4100 813 4165 universam
834 4099 867 4164 in
888 4099 1086 4164 recensendis
1107 4097 1253 4180 Aeschyli
1275 4096 1447 4178 tragoediis.

428 4209 475 4275 Ut
496 4209 594 4291 igitur
616 4229 683 4278 rem
705 4211 808 4293 ipsam
830 4211 1060 4294 aggrediamur,
1088 4209 1224 4291 primum
1254 4208 1293 4274 dc
1320 4209 1450 4274 oratione
1468 4226 1514 4271 er-

341 4319 500 4402 cubitou's,
523 4339 604 4403 quac
626 4321 776 4405 prooemii
797 4322 865 4387 loco
886 4325 999 4402 exstat,
1014 4321 1115 4386 multa
1131 4320 1222 4387 nobis
1244 4320 1420 4386 adnotanda
1439 4323 1510 4402 sunt,
