3204 5048
835 361 875 425 38

752 444 957 462 mm

263 565 467 646 quamobrem
494 563 631 629 infantes
660 581 722 629 non
748 563 823 629 belli
850 565 1018 646 participes
1048 567 1119 633 sint.
1164 567 1232 633 Hoc
1257 567 1341 632 enim
1363 569 1450 634 nullo

263 677 354 740 modo
382 676 421 740 ad
444 694 510 739 rem
535 675 681 757 pertinet.
726 674 923 758 Quapropter
948 677 1072 758 penitus
1102 679 1260 744 consentio
1292 698 1363 744 oum
1384 679 1450 746 Ab·

262 787 375 868 rensio,
399 786 519 868 quinio
541 787 662 852 scribit:

898 937 1007 948 ιρι--

419 1008 627 1097 ἰσόπρεσβυς,
648 1007 746 1095 Ἄρης
770 991 801 1073 δ’
823 1005 883 1074 oda
905 1009 963 1089 ἔνι,
986 1013 1116 1095 χωρελ,“

262 1123 307 1187 ita
335 1127 371 1186 ut
397 1123 599 1207 ἰσόπρεσβυς
626 1141 696 1187 eum
716 1121 811 1186 verbo
833 1132 953 1207 χωρεῖν
974 1120 1189 1203 coniungoeur.
1234 1121 1323 1199 Quae
1345 1125 1450 1206 opinio

262 1235 410 1299 maiorem
440 1234 672 1314 simplieitatem
699 1232 795 1297 habet
822 1233 941 1297 otveri
971 1233 1215 1312 similitudinem,
1246 1253 1341 1315 quam
1369 1241 1450 1301 oete·
1557 1237 1559 1243 ’

262 1364 377 1426 rorum,
406 1351 447 1426 et,
472 1363 542 1409 oum
565 1364 601 1409 ea
624 1344 664 1408 ab
686 1344 841 1409 Ahrensio
864 1344 1025 1425 disputata
1048 1350 1152 1409 essent
1174 1344 1226 1428 (cf.
1250 1346 1330 1416 Phil.
1352 1348 1449 1430 ise),

262 1456 366 1536 miror,
390 1456 472 1537 quod
492 1455 631 1535 WeiliuS,
654 1454 802 1534 Keokius,
825 1453 978 1536 Engerus,
1001 1455 1188 1520 Karstonius
1210 1475 1332 1538 semper
1353 1459 1449 1523 variis

263 1568 458 1649 opinionibus
481 1585 501 1631 a
523 1584 596 1654 vero
619 1565 854 1632 aberraverunt.
924 1572 926 1576 '

347 1859 530 1924 Tractemus
552 1861 658 1922 autem
680 1876 727 1939 ea,
750 1876 831 1940 quae
854 1858 925 1923 inde
949 1877 968 1922 a
990 1877 1081 1923 versu
1107 1863 1167 1924 119
1191 1858 1308 1940 seripta
1329 1864 1419 1924 sunt:

415 2078 611 2166 βοσκόμενοι
631 2079 768 2161 λαγόνας
790 2077 967 2165 ἐρικύμονα
989 2083 1144 2167 φέρματα
1166 2082 1283 2162 γέννας

415 2194 581 2278 βλαβέντα
603 2193 767 2256 λοισθίων
789 2189 929 2277 δρόμων.

347 2306 435 2382 Quae
457 2304 561 2383 verba,
585 2303 612 2368 si
634 2321 704 2368 eum
719 2303 843 2367 Prienio
859 2307 890 2367 et
906 2302 1083 2386 Hartungio
1099 2301 1144 2368 ita
1159 2305 1330 2384 composita
1345 2309 1448 2386 erunt,

261 2436 323 2482 non
345 2417 478 2497 amplius
500 2407 643 2496 indigent
665 2415 857 2480 coniecturis

199 2521 201 2528 ’
347 2530 393 2593 De
415 2528 579 2592 λοισθίων
594 2524 726 2612 δρόμων
747 2543 817 2590 eam
839 2524 1014 2605 opinionem
1036 2543 1207 2608 proponere
1228 2527 1331 2607 velim,
1354 2545 1450 2609 quam

261 2641 421 2722 praeclaro
450 2640 564 2706 iudicio
591 2638 728 2703 Keokius
757 2636 870 2701 statuit
897 2636 935 2700 de
958 2637 1016 2717 Ag.
1040 2656 1084 2702 vs.
1110 2642 1279 2703 vas-799
1302 2639 1335 2701 in
1357 2658 1449 2704 novv.

262 2771 332 2816 ann.
362 2751 449 2833 phill.
478 2756 552 2815 tom.
583 2748 737 2827 LXXXV,
772 2746 826 2810 ubi
854 2765 909 2828 per
938 2744 1026 2834 cippi
1056 2748 1232 2813 Πλειάδων
1261 2747 1360 2814 δύσιν
1388 2751 1450 2816 diei

215 2929 217 2936 ,
262 2869 385 2946 tempus
408 2862 540 2927 indicari
563 2860 718 2939 admonet,
742 2877 803 2952 ouo
826 2858 875 2922 leo
897 2864 1050 2941 erumpat.

347 2975 456 3056 Neque
485 2972 588 3037 minus
611 2976 717 3035 autem
745 2971 895 3035 λοίσθιοι
922 2968 1038 3055 δρόμοι
1065 2970 1178 3052 leporis
1205 2970 1235 3035 ei
1261 2974 1343 3050 sunt,
1371 2989 1449 3053 qnos

264 3085 322 3152 sub
344 3103 505 3166 vesperem
528 3082 613 3161 facit,
637 3082 712 3146 dum
733 3081 816 3145 redit
837 3059 877 3145 ad
901 3080 1010 3145 cubile.
1049 3081 1152 3162 Igitur
1166 3082 1232 3164 ipse
1247 3087 1449 3147 conservatus

262 3202 344 3262 esset
367 3193 514 3274 et'ietus,
544 3213 636 3276 quem
658 3193 745 3275 lepus
768 3191 909 3274 proxima
931 3195 1022 3255 noete
1044 3192 1193 3257 edidisset
1216 3191 1267 3277 (of.
1291 3212 1336 3258 vs.
1364 3195 1449 3279 137),

261 3309 322 3373 nisi
345 3307 447 3372 subito
470 3306 594 3387 aquilae
617 3323 689 3369 eum
710 3304 905 3383 invasissent,
928 3322 1009 3384 quae
1022 3303 1080 3368 sub
1095 3322 1255 3387 vesperem
1269 3303 1331 3369 sibi
1346 3303 1450 3368 eibum

261 3423 427 3501 quaerunt.
472 3417 541 3494 Qua
563 3416 685 3481 ratione
707 3415 811 3480 omnia
832 3415 910 3480 satis
933 3415 1095 3496 perspicue
1118 3415 1228 3496 exponi
1249 3415 1385 3480 arbitror
1407 3419 1449 3497 et,

261 3530 343 3612 quod
378 3529 418 3594 ab
445 3528 583 3594 Homero
615 3528 780 3611 βλαβέντα
813 3523 973 3590 κελεύθου
1012 3525 1136 3607 dicitur,
1170 3525 1248 3591 haee
1282 3503 1449 3610 βλαβέντα

261 3637 392 3728 δρόμων
413 3640 491 3705 satis
514 3639 641 3704 defensa
664 3656 731 3703 esse
752 3637 907 3702 videntur.

702 3802 808 3810 ...-.-.-..
813 3803 832 3808 .-
837 3803 946 3809 -—...-
954 3803 958 3807 .
963 3803 980 3807 ...
988 3803 1002 3807 -

346 3907 413 3970 Iam
428 3905 557 3969 ultimus
580 3903 674 3981 locus,
698 3920 790 3982 quem
802 3902 954 3980 tractabo,
979 3902 1139 3967 invenitur
1153 3901 1225 3966 inde
1240 3918 1260 3963 a
1275 3919 1354 3965 vers.
1374 3905 1450 3967 169:

415 4013 486 4081 οὐδ’
509 4015 598 4090 ὅστις
619 4012 787 4100 πάροιθεν
809 4009 850 4098 ἦν
869 4017 972 4096 μέγας

415 4125 584 4214 παμμάχῳ
606 4124 730 4211 θράσει
750 4121 862 4210 βρύων

417 4237 495 4304 ouidi
517 4239 647 4315 λέξεται
667 4243 749 4321 πρὶν
772 4234 834 4300 ὤν·

414 4352 449 4428 δς
471 4346 503 4414 δ’
526 4343 627 4414 ἔπειτ’
651 4347 725 4433 ἔφυ,
748 4349 943 4432 τριακτῆρος
965 4350 1090 4430 οἴχεται
1112 4341 1230 4426 τυχών.
