3204 5048
884 336 924 398 ia

307 537 530 604 sententiare}
550 537 729 604 crebritatis
751 538 979 618 antecessisset,
1001 538 1233 604 concedendum
1254 544 1311 619 est,
1326 539 1509 604 1111111111

308 667 385 728 esse,
415 648 498 730 quod
525 652 556 712 et
583 649 746 731 inpriore
773 651 936 716 enuntiato
964 654 1027 734 μέν
1056 649 1214 714 invenitur
1244 655 1277 714 et
1304 650 1389 714 notio
1411 651 1509 714 adsit

308 759 548 842 longinquitatis
570 763 604 824 et
624 766 733 842 postea
756 769 813 825 καὶ
834 763 897 826 νῦν
916 761 1050 841 incedat,
1081 763 1231 848 φρουρᾶς
1257 761 1366 837 ἐτείας
1394 763 1508 846 μῆκος

308 873 405 937 etiam
426 871 508 936 hanc
529 869 569 935 ob
591 889 719 936 causam
747 889 815 938 esse
842 873 1055 938 accusativum
1084 873 1242 955 temporis
1287 873 1509 950 1111111111-

308 983 393 1048 tirus
414 981 491 1064 quid
512 979 689 1047 offensionis
712 982 837 1063 habeat,
859 984 973 1049 nescio.

393 1093 490 1158 Porro
512 1092 551 1158 de
566 1093 660 1158 verbo
680 1092 805 1174 πόνων,
827 1113 909 1176 quae
924 1094 1102 1162 Wunderus
1124 1096 1145 1159 l.
1160 1114 1186 1160 c.
1209 1113 1261 1176 pg.
1280 1098 1299 1160 3
1320 1096 1505 1177 constituit,

308 1223 372 1270 non
393 1203 588 1268 incommoda
609 1204 806 1285 excubitoris,
833 1207 889 1271 sed
910 1207 1021 1272 domus
1043 1207 1227 1271 Atridamm
1251 1207 1394 1302 miserias
1417 1207 1507 1271 indi·

310 1316 386 1395 cari,
408 1314 494 1380 omni
515 1314 610 1380 modo
631 1315 839 1396 improbanda
860 1335 928 1383 esse
950 1322 1050 1400 peret.
1093 1317 1198 1396 Quare
1225 1336 1287 1382 non
1309 1319 1421 1399 longus
1444 1337 1506 1382 ero

310 1427 350 1492 de
370 1445 405 1491 re
426 1425 633 1507 apertissima.

401 1535 538 1623 Φρουρὰ
560 1535 651 1601 acela
673 1555 746 1602 vero
766 1542 889 1620 spectat
910 1539 952 1616 ad
974 1539 1132 1604 oraculum
1156 1539 1301 1618 Oalchae,
1328 1539 1411 1620 quod
1433 1539 1505 1604 llo

310 1667 415 1714 merus
439 1649 529 1713 docet
555 1647 588 1712 in
618 1647 717 1714 lliade
746 1648 813 1735 (lib.
836 1649 879 1731 Il,
901 1669 946 1718 vs.
971 1653 1178 1735 aot—329),
1201 1651 1262 1716 etsi
1282 1649 1323 1714 ab
1345 1650 1505 1732 Aeschylo

309 1760 376 1825 eius
398 1759 486 1824 nulla
508 1759 626 1824 mentio
647 1757 732 1824 facta
754 1765 811 1826 est.

396 1869 487 1946 Quod
509 1869 680 1948 oraculum,
703 1889 894 1952 quamquam
915 1890 977 1937 non
998 1875 1259 1937 commemoratur
1280 1873 1321 1936 ab
1336 1872 1504 1954 Aeschylo,

311 1981 344 2046 in
366 1981 471 2046 animo
492 1998 614 2061 semper
635 1979 746 2046 haberi
768 1986 799 2048 et
821 1983 939 2065 ubique
959 1982 1074 2063 respici
1092 1989 1218 2047 constat
1240 1988 1272 2048 et
1286 1985 1392 2063 miror,
1415 1984 1505 2065 quod

312 2091 484 2156 Ahrensius
513 2091 547 2155 in
574 2093 797 2158 commentario
824 2111 880 2160 suo
910 2093 1035 2180 (Philol.
1064 2093 1503 2179 suppl.I,pg.219—222)

311 2209 344 2269 et
372 2203 437 2283 alii,
467 2207 632 2284 postquam
662 2203 840 2270 Wunderus
868 2223 938 2272 eam
971 2224 1038 2270 rem
1071 2207 1176 2271 lucide
1203 2205 1384 2288 explanavit
1415 2206 1448 2291 (l.
1472 2225 1502 2270 c.

311 2334 362 2398 pg.
386 2319 416 2379 4.
440 2313 485 2399 5),
507 2313 541 2378 id
562 2332 671 2380 verum
693 2334 762 2381 esse
785 2335 847 2382 non
868 2322 1042 2382 sensemnt.
1583 2311 1584 2318 ’

397 2425 480 2490 Sane
509 2428 540 2488 et
567 2425 768 2506 sagacissime
796 2431 828 2491 et
857 2427 1084 2510 simplicissime
1114 2427 1288 2492 Ahrensius
1315 2426 1504 2491 vocabulum
1583 2405 1584 2432 ¹

313 2536 418 2611 dcetoc
444 2535 595 2618 exposuit,
625 2555 720 2618 quam
747 2541 854 2603 tamen
886 2539 1061 2620 opinionem
1088 2555 1150 2602 non
1184 2537 1305 2619 primus
1335 2537 1369 2602 in
1398 2538 1504 2602 medio

312 2649 427 2731 posuit,
449 2648 505 2712 sed
526 2647 635 2713 multis
657 2648 748 2713 annis
770 2654 844 2713 ante
866 2649 930 2714 inm
959 2650 999 2714 ab
1023 2648 1238 2714 Heinobachio
1260 2649 1292 2712 in
1315 2666 1404 2713 novv.
1427 2667 1503 2713 ann.

312 2761 398 2843 phill
421 2765 496 2824 tom.
519 2758 565 2824 Xl
587 2759 769 2825 denotatam
791 2778 859 2826 esse
880 2762 1018 2842 cognovi.
1057 2759 1255 2842 Quamquam
1275 2760 1364 2825 novis
1382 2765 1416 2824 et
1430 2777 1503 2841 per-

313 2871 429 2953 spicuis
451 2871 644 2951 argumentis
667 2870 839 2938 Ahrensius
862 2873 1039 2954 opinionem
1066 2873 1154 2938 illem
1176 2873 1335 2936 instruxit.
1379 2870 1502 2952 Repeto

313 2983 420 3063 igitur,
439 2981 575 3048 Ahrensi
596 2981 774 3063 opinionem
797 2987 829 3047 et
844 2982 1080 3063 sagacissimam
1095 3001 1163 3048 esse
1178 2987 1209 3048 et
1226 2981 1500 3064 simplicissimam

399 3093 543 3174 Namque
565 3111 621 3156 cur
643 3092 774 3180 φρουροὶ
790 3093 881 3158 irata
895 3112 957 3157 non
979 3094 1097 3157 dictum
1119 3099 1201 3158 esset
1224 3094 1263 3158 de
1285 3094 1330 3158 eis
1353 3092 1502 3174 excubiis,
1582 3097 1583 3132 ³

314 3222 396 3285 quae
417 3207 556 3285 aguntur
576 3208 679 3268 totum
701 3223 758 3286 per
778 3203 918 3270 annum?
939 3204 1072 3282 Prorsus
1092 3204 1141 3268 ita
1162 3204 1223 3268 dici
1237 3208 1349 3286 potest.
1383 3201 1503 3280 Quodsi
1582 3273 1583 3291 1

314 3316 348 3379 id
369 3315 599 3396 comprobatur,
622 3314 719 3380 etiam
741 3333 795 3380 eas
817 3315 963 3380 excubias
989 3333 1044 3398 per
1066 3314 1197 3402 φρουρὰ
1219 3315 1309 3380 erata
1331 3313 1503 3396 significari

314 3427 533 3509 credipotest,
555 3444 637 3508 quae
657 3426 832 3509 complures
854 3444 953 3492 annos
975 3432 1114 3508 monent,
1137 3427 1304 3492 dummodo
1326 3444 1382 3508 per
1396 3430 1500 3490 toturn

315 3557 433 3604 annum
456 3543 646 3620 occupentur
667 3556 768 3619 neque
787 3537 956 3619 aliquando
978 3537 1238 3603 intermittantur.

401 3650 551 3715 Attamen
579 3665 803 3731 nonnunquam
830 3647 876 3730 fit,
912 3654 949 3714 ut
976 3649 1207 3732 simplicissima
1235 3645 1379 3711 concidat
1406 3645 1503 3710 iuter-

315 3761 461 3844 pretatio,
484 3759 512 3824 si
534 3777 649 3825 causae
670 3760 824 3842 quaedam
845 3765 920 3825 ante
942 3760 1046 3825 oculos
1068 3760 1181 3838 iacent,
1204 3776 1286 3840 quae
1307 3775 1370 3822 non
1398 3757 1502 3821 minus

315 3873 472 3954 simplices
492 3877 567 3936 sunt
582 3876 614 3936 et
629 3871 718 3936 illam
732 3875 893 3953 respuunt.
926 3869 1038 3950 Igitur,
1053 3888 1125 3936 curn
1139 3869 1311 3940 Ahrensius
1326 3867 1503 3934 laudandus

316 3984 358 4048 sit
390 3987 517 4065 propter
548 3983 783 4064 simplicitatem
815 3980 932 4060 iudicii,
962 3980 1040 4046 etim
1074 3982 1175 4063 magis
1204 3979 1380 4045 laudandus
1408 3982 1499 4058 esset,
1581 4023 1582 4036 ,

315 4095 341 4160 11
356 4112 419 4158 non
433 4093 558 4159 lecisset
573 4092 651 4158 illud
665 4092 833 4158 arbitrium
847 4095 879 4156 et
895 4091 1122 4160 obsemevisset
1139 4092 1372 4174 simplicitatem
1387 4107 1500 4156 rerum.

400 4205 463 4270 Res
485 4207 602 4282 autem,
624 4219 705 4284 quae
726 4202 940 4286 respiciendae
961 4209 1044 4285 sunt,
1067 4204 1112 4269 111
1133 4203 1384 4285 complectimur:

471 4297 661 4380 Homerus
683 4312 875 4380 Culcham
901 4313 1200 4396 praedicentem
1222 4313 1338 4395 lacit,
1368 4312 1501 4377 decem
