3204 5048
879 349 921 413 26

795 434 1000 450 MNWVVVV

391 550 482 616 Unde
504 550 618 616 haecce
640 554 921 633 quaerere-velim:
944 571 1026 636 quae
1047 553 1176 619 tandem
1199 559 1282 636 sunt,
1304 555 1419 636 quibus
1441 575 1497 639 per

305 660 409 748 φόβος
430 663 502 748 γὰρ
524 699 567 710 --
589 677 804 749 παραστατεῖ
829 683 948 731 causa
970 664 1121 730 affertur?
1169 665 1252 730 Nam
1274 667 1435 732 custodem
1459 667 1497 732 ob

304 792 374 837 eam
403 792 469 838 rem
499 792 623 855 gemere
653 779 685 839 et
716 773 791 841 flere
823 776 975 859 (idirco),
1009 777 1093 858 quod
1123 775 1219 841 timor
1251 795 1322 842 eum
1355 778 1496 859 impedit,

303 885 470 965 quominus
492 885 636 966 dormiat,
664 887 752 950 nulla
774 889 932 954 sententia
954 893 1011 968 est,
1040 907 1122 970 quae
1144 888 1349 956 desideratur.
1395 888 1497 954 Con-

304 995 412 1061 sulto
439 997 522 1061 enim
550 997 610 1062 iste
637 1015 781 1062 somnum
803 1005 890 1066 arcet
912 995 1006 1082 atque
1028 1000 1070 1065 id
1092 999 1340 1081 potissimum
1363 1001 1496 1080 timet,

303 1125 351 1172 ne
370 1107 472 1173 forte
495 1107 682 1189 dormiat;
713 1129 840 1191 neque
867 1129 951 1177 eum
979 1110 1097 1176 timor
1127 1111 1278 1192 aliquis
1300 1111 1496 1191 deterret,

304 1237 389 1283 cum
428 1219 474 1284 ad
515 1237 687 1285 somnum
721 1220 1022 1303 proficiscatur,
1061 1242 1106 1288 ne
1142 1223 1273 1304 capiat
1310 1237 1496 1298 somnum.

304 1329 386 1407 Quid
420 1331 518 1411 igitur
548 1337 606 1412 est,
638 1333 721 1412 quod
750 1333 943 1413 requiritur?
986 1333 1144 1398 Nimirum
1177 1333 1358 1400 certissime
1382 1339 1495 1416 custos

304 1441 379 1522 quia
406 1442 528 1522 metuit,
556 1461 597 1506 ue
624 1460 750 1508 somnus
782 1444 886 1510 oculos
913 1445 1082 1526 derepente
1108 1445 1317 1527 superveniat,
1348 1464 1382 1510 se
1409 1463 1497 1528 prae

303 1552 382 1617 sidio
409 1553 513 1634 aliquo
541 1554 649 1636 cingit,
679 1554 763 1636 quod
790 1573 933 1622 somnum
960 1556 1113 1637 uiolenter
1139 1558 1314 1639 propulset3
1342 1557 1385 1638 id,
1414 1556 1495 1639 quod

305 1665 423 1747 legitur
443 1665 477 1728 in
499 1683 543 1730 us.
570 1668 609 1729 17
620 1686 627 1729 :
1343 1687 1346 1696 ¹

459 1775 568 1841 ὕπνου
591 1773 661 1841 τόδ’
686 1773 894 1861 ἀντίμολπον
915 1778 1079 1862 ἐκτέμνων
1102 1776 1181 1854 ἄκος

303 1887 391 1971 (nam
412 1886 457 1951 sic
479 1904 517 1951 ex
539 1887 684 1967 opinione
705 1887 840 1953 Abrensi
863 1889 1027 1954 scribimus
1048 1908 1105 1969 pro
1129 1893 1318 1974 deripuere).

389 1997 500 2062 Nonne
515 1998 614 2078 igitur
629 2003 769 2080 apparet,
786 2017 847 2080 quo
861 2000 1011 2081 protinus·
1020 2016 1145 2064 cursum
1157 2006 1299 2066 nostrum
1313 2003 1494 2067 teneamus?

304 2109 432 2174 Etenim
463 2110 541 2175 illud
572 2112 673 2176 somni
699 2111 899 2194 praesidium,
935 2111 1020 2193 quod
1049 2111 1109 2176 sibi
1136 2118 1243 2179 custos
1272 2113 1429 2196 adsciscit,
1460 2131 1495 2178 eo

305 2222 409 2304 verbo,
433 2222 516 2304 quod
538 2223 720 2304 requiritur,
743 2224 894 2289 contineri
915 2224 1024 2306 liquet.

389 2333 450 2398 Sed
473 2353 539 2398 rem
562 2334 720 2415 quandam
743 2335 839 2401 aliam
860 2336 1069 2416 exquirimus:
1097 2353 1200 2400 nonne
1227 2354 1423 2418 summopere
1444 2336 1495 2401 ob-

302 2462 396 2510 scura
417 2449 450 2510 et
472 2445 580 2510 abdita
608 2464 658 2511 res
686 2451 743 2528 est,
775 2446 859 2528 quod
885 2445 1047 2512 excubitor
1076 2453 1218 2512 actutum
1247 2446 1360 2513 haecce
1383 2448 1494 2513 recitat

303 2557 412 2620 verba:
442 2557 546 2637 „dcav
574 2555 606 2621 δ’
636 2554 765 2624 viridem
794 2559 813 2644 ἢ
840 2558 1043 2646 μινύρεσθαι
1072 2559 1160 2624 doxa
1179 2559 1265 2622 —“?
1292 2561 1492 2640 quamobrem

303 2668 386 2733 enim
409 2649 512 2734 subito
534 2670 652 2734 mentio
674 2669 710 2735 fit
732 2672 884 2736 canendi?
929 2670 1011 2735 Sane
1038 2671 1134 2737 verba
1161 2675 1359 2753 exponuntur
1389 2671 1492 2753 aliqua

303 2785 454 2862 exparte,
477 2800 595 2863 verum,
619 2787 655 2846 ut
670 2781 789 2863 opinor,
814 2783 907 2864 longe
929 2781 1041 2847 melius
1063 2783 1175 2865 exponi
1196 2789 1336 2865 possunt.
1368 2783 1493 2848 Etenim

302 2910 365 2957 non
388 2893 506 2958 diutius
528 2912 574 2974 ea,
603 2912 683 2974 quae
705 2894 867 2974 sentimus,
899 2894 1048 2960 abscondi
1075 2900 1198 2975 oportet
1225 2902 1258 2960 et
1286 2896 1350 2961 iam
1377 2897 1492 2961 dudum

306 3004 410 3068 omnia
431 3009 550 3086 patent.
596 3005 657 3069 Pro
681 3005 762 3092 ἐμήν
783 3006 866 3070 enim
888 3007 1020 3072 verbum
1043 3004 1114 3088 ᾅδω
1138 3007 1303 3073 substituo.

391 3114 511 3180 idcirco
534 3121 638 3182 custos
660 3117 724 3182 iam
745 3117 859 3182 haecce
881 3121 1025 3181 enarrat:

458 3226 574 3308 „Cum
589 3232 719 3292 autem
740 3229 778 3292 in
799 3229 921 3304 cubili
942 3227 1195 3309 comederim,
1217 3227 1319 3310 quod
1340 3234 1492 3294 noctur-

455 3339 517 3403 nis
539 3339 698 3422 roribus
719 3339 971 3406 imbribusve
992 3340 1215 3420 cruciatur,
1246 3345 1415 3404 cantare
1437 3341 1493 3404 in·

458 3451 575 3532 cipio,
603 3451 695 3532 quia
717 3469 869 3533 vereor,
897 3471 947 3517 ne
968 3453 1010 3517 in
1032 3452 1158 3518 fessos
1180 3452 1316 3518 oeulos
1338 3469 1493 3517 somnus

458 3561 637 3643 ingruat,
665 3568 702 3628 et
731 3563 766 3628 is
794 3562 917 3628 timor
944 3582 999 3628 me
1028 3580 1200 3629 asomuo
1229 3568 1385 3642 tuetur;
1414 3563 1492 3642 sed,

461 3689 536 3754 quo
572 3679 754 3756 ternpore
794 3676 956 3742 cantica
992 3693 1210 3740 susurrare
1247 3680 1285 3739 et
1327 3675 1493 3739 laetitia

456 3785 604 3866 gestire
619 3784 932 3867 videor,domum
947 3786 1494 3867 Atridarumintimopeotore

458 3895 639 3980 deploro,
661 3915 758 3979 quae
780 3898 896 3963 novis
913 3897 1223 3964 calamitatibus
1246 3897 1493 3980 adurgetur.“

390 4006 493 4083 Quam
516 4006 654 4073 dilucida
675 4026 760 4073 nunc
780 4008 887 4074 existit
909 4009 1025 4073 oratio!
1054 4027 1149 4091 quam
1177 4009 1327 4075 concinna
1354 4010 1494 4075 redditur

304 4121 335 4183 et
357 4119 502 4184 omnibus
524 4118 666 4201 partibus
690 4121 856 4203 conspicua
878 4120 974 4186 series
997 4121 1239 4186 sententiarum!
1274 4121 1394 4202 Nonne,
1416 4140 1494 4203 quae

302 4235 396 4296 antea
418 4231 598 4296 obscuriora
620 4235 652 4297 et
675 4232 904 4314 quodammodo
925 4233 1016 4297 irrita
1038 4236 1139 4312 erant,
1163 4251 1202 4298 ea
1223 4234 1272 4299 vel
1294 4234 1413 4299 diserta
1435 4234 1493 4297 elo

300 4343 429 4430 quentia
451 4361 533 4409 nunc
555 4342 692 4426 insignia
706 4361 774 4410 csse
788 4343 909 4410 cernis?
940 4341 1053 4408 Nonne
1075 4348 1179 4412 custos
1201 4346 1353 4427 laborum,
1376 4345 1487 4427 quibus
