3204 5048
95 1627 210 1743 Home
230 1673 338 1739 libello
360 1672 400 1738 de
421 1670 576 1753 Aeschylo
603 1670 681 1734 mihi
703 1675 952 1738 commentatum
974 1671 1125 1738 nonnulla
1147 1670 1186 1736 de
1214 1671 1283 1753 ipsa

94 1805 129 1850 re
150 1803 282 1866 meoque
303 1784 462 1849 scribendi
482 1782 611 1848 consilio
633 1782 865 1864 praemittenda
887 1784 1044 1849 videntur.
1080 1781 1160 1850 Cum
1182 1802 1282 1864 nuper

95 1898 128 1961 in
149 1896 270 1978 Engeri
296 1895 434 1960 editione
462 1894 582 1958 minore
603 1894 841 1974 Agamemnona
862 1893 1010 1978 Aeschyli
1036 1900 1183 1960 aromate
1211 1914 1283 1960 cum

94 2009 195 2073 amico
217 2007 354 2090 quodam
376 2009 593 2085 retractarem,
615 2005 710 2069 toties
725 2023 763 2069 ac
777 2009 942 2087 tantopere
962 2004 1142 2072 offendebar
1162 2007 1196 2071 in
1217 2011 1283 2071 tra·

94 2118 206 2201 goedia
227 2117 478 2198 interpretanda,
500 2121 536 2180 ut
551 2134 597 2195 ca,
621 2135 702 2197 quae
724 2116 792 2196 ipse
812 2116 931 2181 eisdem
952 2116 1100 2183 derebus
1121 2118 1282 2198 sentirem,

94 2247 285 2312 expromere,
315 2227 429 2293 deinde
456 2231 633 2292 ceterorum
660 2226 814 2292 editiones
840 2226 928 2292 adire
958 2228 1192 2309 constituerem,
1220 2248 1284 2310 qua

93 2341 127 2406 in
149 2359 185 2406 re
206 2359 269 2406 non
291 2339 395 2422 potius
417 2338 505 2418 mihi,
534 2355 629 2420 quam
650 2336 805 2420 Aeschylo
834 2336 1018 2403 satIsiacere
1046 2339 1138 2404 enixe
1164 2340 1281 2405 studui.

179 2450 292 2532 Itaque
324 2450 499 2516 sententias
526 2467 623 2528 meae,
654 2453 808 2529 quantum
842 2449 1005 2530 ingenium
1040 2450 1120 2514 mihi
1149 2450 1281 2532 suffecit,

93 2563 284 2645 perscriptas
324 2559 431 2626 effinxi
467 2566 563 2642 atque
598 2561 632 2624 in
667 2560 784 2624 tabulis
818 2560 897 2626 meis
930 2560 1098 2626 recondidi.
1169 2561 1284 2627 Postea

93 2679 201 2738 autem
223 2692 243 2738 a
265 2673 396 2754 reliquis
418 2671 609 2738 editionibus
636 2671 789 2736 auxilium
816 2671 914 2752 petivi
935 2677 977 2751 et,
1006 2691 1078 2738 cum
1099 2671 1282 2753 Wellaueri,

93 2784 264 2850 GodoIredi
286 2784 471 2862 Hermanni,
499 2781 685 2862 Blomfieldi,
709 2780 861 2862 Dindorti,
891 2782 1082 2864 Schneideri,
1111 2784 1281 2866 Hartungi,

93 2894 332 2974 Schneidewini,
355 2893 460 2973 Weili,
482 2892 593 2974 Kecki,
619 2893 738 2974 Engeri
759 2893 903 2973 alteram,
932 2913 995 2975 qua
1020 2895 1175 2961 Klauseni
1200 2914 1283 2962 com-

93 3007 286 3072 mentarium
314 3006 411 3086 auxit,
440 3005 574 3087 denique
601 3003 762 3084 Karsten,
797 3003 927 3085 Heusdi,
960 3005 1094 3071 aliorum
1129 3007 1283 3074 editiones

93 3117 366 3199 comparavissem,
394 3118 495 3199 magis
516 3117 680 3199 magisque
702 3116 922 3196 animadverti,
944 3121 1099 3198 quantum
1120 3118 1223 3184 adhuc
1244 3118 1283 3184 de

93 3229 260 3312 permultis
281 3230 376 3295 rebus
395 3227 537 3294 homines
563 3228 648 3293 docti
673 3229 889 3310 discreparent
917 3232 1110 3309 quantumve
1136 3230 1283 3296 relictum

92 3344 177 3406 essct
198 3341 232 3404 in
254 3338 491 3422 interpretando
513 3339 676 3422 Aeschylo.

181 3450 381 3532 Quamquam
401 3452 487 3515 enim
508 3450 659 3533 pleraque
680 3450 782 3534 magis
804 3449 966 3531 explorata
981 3454 1013 3515 et
1028 3450 1196 3532 explanata
1215 3470 1284 3517 esse

93 3561 236 3644 cognovi,
258 3580 355 3643 quam
376 3563 410 3625 in
425 3560 481 3625 illa
503 3563 623 3628 minore
636 3563 757 3644 Engeri
777 3561 923 3641 editione,
946 3565 1055 3626 tamen
1077 3563 1177 3628 multa
1199 3582 1283 3628 ame

92 3674 211 3738 maiore
237 3672 440 3754 simplicitate
468 3673 659 3754 explicatum
684 3672 725 3738 iri
753 3673 886 3755 speravi,
915 3672 962 3736 ita
990 3677 1027 3738 ut
1053 3677 1165 3754 poetae
1193 3691 1283 3755 prae·

92 3784 258 3849 clarissimi
279 3784 380 3849 oratio
402 3783 514 3849 melius
534 3784 618 3850 inter
640 3803 675 3850 se
696 3784 862 3850 cohaerere
884 3784 1053 3850 videretur.
1085 3783 1168 3850 Nam
1189 3784 1283 3868 longe

92 3895 237 3960 abstineo
258 3895 299 3960 ab
321 3913 357 3960 eo
378 3895 504 3974 iudicio,
527 3897 610 3976 quod
630 3895 771 3977 Weilius‚
794 3895 842 3960 vir
857 3893 1066 3974 doctissimus,
1088 3896 1143 3978 qui
1165 3896 1283 3978 optime

92 4006 132 4071 de
146 4005 318 4086 tragoediis
333 4006 479 4089 Aeschyli
494 4008 624 4072 meritus
643 4012 700 4088 cst,
723 4008 756 4072 in
772 4026 863 4073 novv.
878 4025 951 4071 ann.
969 4005 1057 4088 phill.
1074 4009 1148 4070 tom
1164 4005 1282 4086 XCIII,

91 4135 144 4200 pg.
164 4119 203 4181 17
226 4121 337 4182 contra
351 4117 528 4184 Hensdium
549 4119 691 4200 protulit,
713 4119 745 4184 in
761 4118 820 4184 hac
840 4116 1004 4198 tragoedia
1019 4116 1165 4198 Aeschyli
1186 4117 1283 4183 inter·

90 4227 247 4311 pretanda
268 4227 349 4293 nihil
371 4229 507 4311 amplius
528 4229 699 4311 excogitari
722 4247 821 4312 posse,
850 4227 934 4311 quod
955 4231 989 4292 et
1008 4245 1124 4292 nouum
1146 4233 1229 4294 esset
1251 4231 1283 4294 et

91 4337 218 4436 bonnm.
255 4337 341 4404 Num
355 4345 599 4407 consentaneum
613 4345 671 4421 est,
693 4341 735 4406 ab
749 4341 874 4408 homine
894 4339 1099 4421 antiquarum
1120 4324 1284 4406 literanum

992 4457 1008 4510 1
1027 4458 1043 4493 U
