3204 5048
91 607 128 654 se
151 588 330 653 absolutum
352 587 392 652 iri
414 567 566 653 molestiis
588 587 688 670 magis
711 605 838 670 sperare
857 594 992 670 poterat,
1015 607 1206 672 quamquam
1222 589 1288 654 eius

91 717 166 780 spes
189 699 421 781 longinquitate
442 699 592 781 temporis
615 717 805 781 magnopere
827 700 1080 780 imminuebatur,
1112 718 1208 781 quam
1229 699 1288 764 hoc

92 811 245 893 temporis
273 815 399 892 puncto.
454 810 526 874 Etsi
560 815 666 876 autem
694 809 849 876 Homerus
880 816 913 876 et
940 811 1112 894 Aeschylus
1142 811 1288 875 excubias

92 920 192 986 fusse
222 933 417 1004 perannum
439 925 582 1001 narrant,
609 921 700 1003 quasi
728 921 792 986 iam
823 927 897 988 ante
925 922 1039 988 decimi
1069 922 1144 986 anni
1170 921 1288 986 exitum

93 1032 191 1097 Troia
213 1033 386 1114 expugnari
409 1032 517 1115 possit,
539 1037 647 1097 mmeu
669 1052 705 1099 eo
726 1036 877 1114 tempore,
900 1051 962 1115 quo
982 1033 1203 1115 praetermisso
1224 1033 1289 1098 iam

92 1143 184 1208 nulla
206 1149 346 1226 potestas
368 1149 438 1210 erat
460 1143 616 1225 sperandi,
645 1162 732 1225 spem
761 1145 859 1210 etiam
880 1150 1007 1210 auctam
1028 1144 1124 1210 luisse
1146 1149 1288 1226 apparet,

95 1273 180 1338 quae
201 1256 266 1319 iam
289 1260 383 1320 antea
412 1273 475 1320 non
498 1254 649 1320 defuerat.
695 1255 787 1336 Nam,
817 1255 879 1321 nisi
908 1256 968 1321 boc
995 1273 1078 1321 anno
1108 1255 1288 1336 vigiliarum

92 1371 222 1449 peraeto
234 1366 319 1431 mala
340 1367 478 1432 custodis
501 1366 594 1432 finem
616 1367 785 1453 habebant,
807 1367 930 1432 custodi
945 1384 1044 1448 paene
1058 1366 1289 1448 desperandum

93 1483 174 1558 erat,
203 1497 238 1543 se
264 1496 403 1560 unquam
432 1477 601 1542 liberatum
623 1479 670 1542 iri.
716 1478 800 1542 Num
821 1495 895 1543 vero
917 1477 1170 1561 Clytaemnestra
1192 1477 1289 1542 etiam

95 1594 170 1672 post
185 1589 252 1654 eius
267 1589 343 1653 anni
365 1589 484 1653 exitum
498 1588 621 1652 custodi
636 1588 782 1654 excubias
797 1587 982 1669 impositura
1004 1589 1109 1670 luerit,
1132 1588 1289 1654 nescimus

94 1719 197 1781 neque
212 1698 334 1763 adrem
355 1698 510 1764 conducit.
548 1698 698 1763 Attamen
720 1698 754 1763 id
776 1699 949 1765 certissime
970 1699 1096 1780 scimus,
1120 1717 1191 1763 eam
1212 1717 1288 1779 rem,

96 1811 304 1875 cuius'causa
326 1810 375 1875 vel
397 1829 417 1874 a
438 1808 689 1893 Clytaemnestra
711 1811 761 1875 vel
783 1810 823 1875 ab
846 1809 914 1891 ipso
936 1815 1029 1892 poeta
1052 1810 1174 1876 custodi
1196 1810 1290 1874 unius

93 1921 171 1987 anni
197 1920 346 1986 excubiae
371 1921 536 2004 impositae
569 1926 668 2003 erant,
699 1921 756 2002 illi,
786 1921 841 2004 qui
871 1920 991 1986 frustra
1013 1926 1109 1986 antea
1130 1926 1290 2003 exspecta-

97 2037 198 2112 verat,
226 2037 298 2113 pcst
329 2032 448 2096 exitum
478 2033 562 2114 anni,
593 2033 620 2096 si
647 2032 768 2098 diutius
795 2032 1016 2114 expectaverit,
1046 2051 1168 2115 semper
1194 2031 1291 2098 fuisse

96 2143 350 2224 exspectandam.

186 2254 301 2335 Itaque
322 2253 502 2318 addendum
524 2257 582 2334 est,
605 2255 667 2319 νῦν
688 2253 726 2318 δέ
746 2269 810 2319 non
832 2252 1018 2335 respondere
1039 2252 1087 2317 illi
1108 2256 1180 2336 μέν,
1207 2254 1291 2336 quod

99 2367 133 2430 in
156 2365 258 2448 primo
280 2383 373 2429 versu
394 2365 520 2446 legitur,
544 2365 608 2446 sed,
631 2383 703 2428 eum
725 2365 767 2429 ad
788 2365 924 2447 primum
940 2382 1064 2429 versum
1087 2365 1290 2445 spectavisset

98 2485 155 2541 καὶ
177 2478 240 2541 νῦν
260 2477 293 2542 in
315 2495 359 2542 vs.
383 2478 413 2556 8,
440 2482 476 2540 ut
499 2493 594 2557 supra
616 2477 820 2558 ostendimus,
849 2495 958 2540 rursus
980 2478 1043 2543 νῦν
1064 2474 1102 2539 dt
1131 2475 1172 2540 ad
1194 2476 1290 2541 verba

103 2597 161 2653 καὶ
183 2590 246 2652 νῦν
266 2586 429 2652 referenda
451 2605 528 2653 esse.
576 2588 681 2669 Atque
702 2587 786 2652 hunc
808 2588 954 2652 ordinem'
970 2605 1084 2668 rerum,
1108 2605 1201 2668 quem
1222 2588 1291 2668 ipsa

98 2717 149 2764 res
171 2698 366 2781 praescribit,
389 2698 561 2779 prudenter
575 2698 762 2764 servandum
780 2717 848 2764 esse
870 2699 1016 2778 arbitror,
1039 2698 1086 2761 ita
1101 2703 1146 2777 ut,
1167 2698 1195 2762 si
1210 2697 1291 2763 forte

99 2811 132 2873 in
154 2810 312 2891 prooemio
333 2809 367 2873 id
387 2810 559 2890 contingat,
582 2814 619 2872 nt
640 2827 748 2874 versus
769 2809 853 2874 inter
871 2827 905 2875 se
920 2827 1050 2873 numero
1072 2809 1290 2890 respondeant,

99 2920 245 2985 adhunc
267 2919 410 2984 ordinem
432 2920 652 2985 commentatio
673 2920 719 2986 rei
741 2919 1004 2996 accommodanda
1025 2919 1075 2984 sit.

184 3032 228 3097 Et
249 3035 423 3114 sequuntur
444 3031 507 3094 iam
529 3031 624 3097 baec:

252 3179 296 3191 --
316 3181 361 3190 —
382 3145 422 3223 ἢν
442 3141 645 3227 κοιμώμενος

255 3258 387 3337 στέγαις
407 3251 584 3340 Ἀτρειδῶν
606 3252 758 3338 ἄγκαθεν
779 3253 876 3330 κυνὸς
897 3254 994 3340 δίκην

100 3474 153 3539 ubi
174 3475 214 3540 de
235 3475 331 3540 verbo
354 3473 507 3558 ἄγκαθεν
527 3493 634 3542 omnes
656 3476 722 3542 iere
743 3477 877 3542 editores
900 3476 1168 3558 disceptaverunt.
1198 3474 1299 3540 Nam-

99 3605 159 3668 que
180 3587 239 3652 hoc
260 3587 391 3652 dubium
413 3587 612 3668 relinquitur,
642 3606 719 3651 num
742 3585 893 3670 ἄγκαθεν
921 3605 978 3670 per
1004 3585 1212 3669 ,dvtxcdsffl
1246 3584 1295 3652 vel

104 3702 233 3780 ,supra“
259 3698 504 3779 intellegendum
526 3699 577 3778 sit,
601 3716 642 3763 an
664 3698 746 3763 idem
769 3699 864 3778 dicat,
887 3695 970 3780 quod
993 3699 1027 3763 iu
1048 3699 1140 3764 Eum.
1165 3717 1209 3764 vs.
1232 3701 1291 3765 80:

101 3807 252 3890 ἄγκαθεν
273 3809 386 3893 λαβὼν
406 3813 535 3896 βρέτας,
558 3809 591 3873 id
612 3814 661 3874 est
682 3809 766 3874 ulnis
787 3810 838 3875 vel
859 3810 893 3875 in
915 3810 1007 3875 ulnis.

184 3919 323 3998 Quorum
344 3921 422 3985 illud
443 3919 577 3984 laudant
597 3939 668 3985 cum
691 3919 860 3987 scholiasta
881 3919 1093 4002 Blomiieldus,
1122 3919 1290 3987 Schneide-

101 4031 198 4096 vinus
229 4029 282 4116 (cl.
304 4023 401 4096 etiam
423 4030 534 4095 Philol.
557 4035 631 4096 tom,
654 4031 713 4112 III,
735 4050 786 4114 pg.
814 4031 899 4117 118),
927 4030 1114 4113 Wunderns,
1138 4031 1287 4114 Keckius,

102 4141 240 4224 Weilius,
263 4142 431 4224 Heusdius,
454 4142 512 4208 hoe
527 4145 635 4206 tuetur
648 4142 843 4208 Godoiredus
858 4141 1069 4223 Hermannus,
1085 4143 1287 4226 Klausenius,

95 4252 307 4334 llartungius,
329 4253 483 4334 Engerus,
506 4253 701 4334 Karstenius,
725 4254 911 4336 quibuscum
933 4254 1025 4320 valde
1047 4254 1214 4319 consentio.

183 4363 254 4442 Qua
276 4364 315 4430 de
330 4381 364 4429 re
379 4364 422 4447 [ut
444 4369 565 4432 rectum
579 4364 747 4430 arbitrium
761 4363 924 4448 iaciamus,
946 4368 1042 4430 antea
1056 4365 1288 4432 consideremus
