3204 5048
776 440 787 450 s
829 435 1034 450 nmmo-insu

337 554 553 620 amantissimo
576 555 632 618 illa
654 554 750 620 verba
773 553 858 618 dicta
880 555 970 618 esse?
1015 553 1084 632 Qua
1105 555 1138 620 in
1160 574 1203 636 re,
1227 556 1310 637 quod
1331 556 1547 638 potissimum

336 663 468 730 Weilius
494 666 552 731 hoc
577 665 744 730 arbitrium
772 664 863 745 tecit,
896 665 1026 731 moleste
1054 665 1120 731 fero
1150 684 1207 732 nec
1237 668 1337 732 solum
1366 687 1547 750 nunquan

336 795 407 840 eum
429 778 475 841 ita
496 777 683 842 iudicavisse
706 776 865 856 voluerim,
889 777 944 841 sed
967 777 1064 841 etiam
1087 778 1269 860 optaverim,
1292 784 1329 843 ut
1350 780 1425 861 ipse
1451 780 1547 844 illan

339 905 444 952 vocem
467 906 486 951 a
509 906 542 952 se
564 907 626 953 non
647 886 821 969 profectam
843 905 911 952 esse
934 889 1019 954 velit.
1469 892 1473 898 ”

422 997 502 1076 Quid
525 999 608 1063 enim
630 1017 744 1064 novum
767 998 839 1063 est‘l
862 999 937 1080 quid
960 1017 1075 1063 novum
1096 1000 1221 1066 videtur
1243 1000 1377 1067 Weili0?
1426 1001 1547 1083 Neque

336 1109 420 1174 enim
442 1127 480 1174 ea
502 1128 583 1174 nova
605 1129 624 1174 a
646 1109 760 1174 Weilio
789 1109 946 1173 nominari
975 1110 1124 1191 dixerim,
1154 1130 1234 1193 quae
1256 1112 1301 1177 sic
1323 1131 1342 1176 a
1370 1115 1472 1178 nobis
1498 1114 1547 1177 in-

337 1221 516 1310 veniuntur,
550 1225 586 1285 ut
614 1221 750 1302 speciem
779 1221 938 1302 quandam
964 1221 1126 1287 inauditae
1155 1224 1322 1304 gravitatis
1354 1226 1547 1306 praebeant

336 1337 368 1396 et
390 1349 483 1414 saepe
505 1333 608 1397 minus
632 1332 749 1413 gloriae
771 1335 891 1414 poetae,
923 1351 1019 1413 quam
1041 1352 1148 1398 eorum
1171 1335 1320 1415 gloriolae
1342 1336 1545 1419 inserviant,

336 1443 391 1523 qui
413 1446 525 1524 po'etae
547 1444 656 1508 laudes
679 1432 847 1507 restituere
869 1443 992 1508 debent.
1038 1444 1149 1509 Nonne
1172 1465 1245 1510 vero
1267 1445 1382 1511 Weilio
1404 1447 1440 1511 id
1465 1467 1544 1528 per-

337 1571 465 1618 suasum
487 1559 544 1634 cst,
568 1555 664 1619 etiam
686 1573 739 1619 eas
761 1572 820 1634 res,
844 1573 926 1635 quae
947 1556 1080 1636 pusillae
1094 1556 1260 1621 videantur
1275 1562 1370 1639 atque
1387 1558 1540 1640 exiguae,

337 1683 431 1745 saepe
458 1682 590 1746 magnas
623 1666 757 1730 existere
791 1671 824 1729 et
856 1683 967 1746 graves
997 1666 1039 1731 ad
1074 1666 1274 1732 reficiendam
1307 1671 1540 1734 auctoritatem

334 1779 507 1856 poetarum,
546 1795 627 1859 quae
661 1776 892 1858 longinquitate
920 1781 1097 1858 temporum
1126 1779 1294 1844 imminuta
1323 1781 1389 1844 sit?
1427 1799 1538 1846 nonne

336 1886 469 1952 Weilius
491 1905 614 1968 quoque
627 1887 800 1966 intellexit,
824 1889 857 1950 iu
880 1891 949 1952 tota
972 1889 1138 1970 disciplina
1160 1895 1277 1970 nostra,
1302 1910 1383 1973 quae
1399 1892 1433 1956 in
1448 1894 1536 1956 anti-

334 1998 455 2080 quitate
481 1999 730 2078 recognoscenda
759 2001 915 2078 versetur,
947 1999 1044 2062 etiam
1072 1999 1105 2063 id
1133 2001 1258 2064 evenire
1280 2005 1311 2066 et
1342 2003 1533 2069 creberrime

335 2109 412 2189 fieri,
436 2114 471 2173 ut
492 2109 625 2174 maiores
647 2109 710 2174 sint
732 2127 781 2173 res
803 2127 929 2190 parvae,
953 2129 1048 2191 quam
1071 2113 1226 2192 magnae?

419 2219 505 2285 Neve
529 2226 635 2284 autem
657 2220 789 2285 Weilius
813 2221 993 2301 arbitretur,
1022 2222 1101 2286 illud
1128 2224 1255 2304 dictum,
1286 2224 1370 2306 quod
1392 2223 1525 2291 fortuito

334 2331 363 2396 ei
385 2332 554 2412 aliquando
576 2331 699 2412 obtigit,
722 2350 741 2394 a
762 2350 813 2394 me
835 2332 950 2412 urgeri,
980 2337 1016 2395 ut
1046 2335 1188 2399 consulto
1210 2337 1410 2418 cogitatoque
1432 2337 1465 2400 in
1489 2357 1524 2403 se

333 2442 506 2522 grandibus
528 2441 631 2506 verbis
655 2441 803 2506 dimicare
825 2441 950 2523 possim.
996 2442 1044 2506 Ne
1074 2443 1106 2507 id
1130 2445 1240 2509 Weilio
1270 2448 1423 2526 videatur,
1450 2467 1522 2528 gra-

333 2553 457 2618 vissime
478 2571 597 2634 precor.
642 2552 812 2632 Nunquam
834 2553 917 2616 enim
938 2551 1033 2617 Weili
1055 2555 1159 2636 verba,
1183 2575 1263 2636 quae
1286 2558 1325 2623 ab
1348 2577 1384 2622 eo
1405 2564 1520 2624 temere

333 2663 418 2728 dicta
439 2681 559 2744 censeo,
582 2663 824 2745 impugnassem,
847 2664 909 2728 uisi
932 2663 1018 2728 haud
1040 2665 1229 2746 ignorarem,
1258 2669 1308 2732 his
1329 2671 1517 2750 temporibus

333 2775 560 2856 interpretandi
590 2793 704 2839 munus
734 2794 753 2838 a
782 2775 890 2840 multis
919 2776 1101 2858 separaria
1128 2779 1344 2844 constituendo
1372 2780 1516 2846 librorum

332 2890 421 2950 textu
443 2891 547 2967 atque,
569 2885 619 2949 his
642 2885 816 2967 disiunctis
840 2887 990 2952 maiorem
1013 2906 1140 2986 operam
1161 2892 1301 2955 consumi
1323 2892 1357 2955 in
1372 2890 1514 2958 faciendis

334 2997 530 3077 coniecturis
553 3017 648 3078 quam
669 2998 818 3063 insensu
840 3000 1063 3080 perspiciendo.
1110 2999 1227 3076 Quodsi
1255 3003 1353 3066 etiam
1375 3001 1513 3067 Weilium

333 3108 503 3189 aliquando
524 3107 607 3172 hunc
628 3108 661 3171 in
682 3108 808 3172 modum
830 3109 968 3173 locutum
990 3128 1058 3174 esse
1074 3112 1213 3190 ostendo,
1236 3112 1317 3176 nihil
1333 3113 1510 3195 demonstro,

332 3219 403 3299 nisi,
432 3223 587 3300 quantum
609 3219 735 3284 morbus
758 3220 977 3300 increbrescat,
1007 3221 1060 3302 qui
1089 3221 1247 3286 interdum
1268 3241 1379 3288 sanam
1399 3243 1511 3306 quoque

334 3334 366 3393 et
388 3330 545 3410 integram
567 3334 703 3395 mentem
732 3331 872 3412 attingit.
917 3331 1066 3397 Attamen
1096 3331 1193 3397 fortes
1220 3334 1327 3413 animi,
1358 3340 1392 3399 ut
1417 3335 1507 3417 aiunt,

333 3441 475 3506 morbum
503 3443 669 3524 repellunt.
722 3442 790 3520 Quo
819 3442 936 3506 solatio·
953 3447 1089 3523 erectus,
1117 3445 1200 3524 quod
1228 3446 1328 3511 abeo
1356 3447 1454 3512 morbo
1474 3453 1506 3512 ut

331 3552 412 3617 liber
433 3553 493 3617 sim
516 3572 565 3618 me
588 3569 715 3634 operam
738 3555 885 3618 daturum
907 3571 976 3618 esse
997 3554 1153 3636 polliceor,
1176 3574 1216 3620 ne
1238 3575 1313 3637 prae
1336 3558 1439 3623 ceteris
1459 3577 1503 3623 me

331 3665 459 3744 gloriari
481 3664 520 3729 de
542 3664 697 3746 sapientia
719 3685 789 3730 mea
817 3665 996 3744 arbitreris3
1025 3685 1100 3729 nam
1129 3684 1292 3746 peccamus
1321 3686 1428 3748 omnes,
1456 3671 1504 3750 qui

331 3775 464 3841 studiosi
484 3788 592 3840 sumus
614 3776 766 3856 veritatis
795 3795 895 3858 neque
923 3775 1013 3840 fieret
1041 3776 1218 3856 aliquando,
1249 3783 1285 3842 ut
1312 3798 1501 3862 peccaremus,

331 3886 394 3950 uisi
422 3888 455 3951 in
484 3887 620 3968 egregiis
648 3887 743 3952 rebus
771 3889 823 3970 pio
850 3887 954 3951 animo
981 3905 1187 3953 versaremur.
1241 3889 1284 3953 At
1310 3890 1434 3956 maximo
1459 3899 1501 3957 ost

331 3997 455 4076 gaudio,
484 3999 567 4078 quod
594 4017 707 4080 prore
734 3977 849 4080 aliqua,
879 4015 975 4079 quam
1003 3998 1131 4078 plurimi
1156 3999 1367 4082 aestimamur,
1393 4003 1499 4084 culpam

329 4108 515 4189 suscipimus
542 4125 643 4190 neque
671 4114 779 4175 nostra
805 4127 902 4174 causa
924 4127 979 4174 nos
1002 4109 1078 4174 vitio
1100 4110 1314 4191 astringimus,
1345 4118 1429 4193 atque
1448 4114 1498 4180 har

330 4239 365 4284 re
379 4218 521 4301 efficitur,
545 4225 581 4285 ut
595 4239 723 4304 peccare
737 4222 894 4301 malimus,
915 4240 985 4287 cum
1000 4239 1050 4286 res
1069 4220 1271 4286 suavissimas
1286 4241 1495 4306 persequamur,

331 4349 426 4412 quam
447 4347 559 4412 segnes
581 4351 650 4398 esse
672 4338 705 4398 et
726 4333 928 4415 supersedere
950 4331 1097 4415 peccatis.
1166 4425 1168 4432 ,
