3204 5048
883 322 920 383 10

798 405 1003 420 vavvvwva

308 524 420 590 deinde
442 523 537 588 etiam
561 523 701 588 Helenae
722 521 898 604 Euripidis:

464 634 584 699 Νείλου
605 637 667 718 μὲν
689 634 764 699 αἵδε
786 613 1056 720 καλλιπαρδένου
1080 632 1159 717 ῥοαί
1180 651 1224 714 sq.

309 752 405 829 atque
427 745 610 829 Hippolyti:

463 855 567 942 πολλη
588 861 650 939 μὲν
673 856 709 922 ἓν
729 861 878 942 βροτοῖσι
901 852 981 922 κούκ
1002 853 1176 939 ἀνώνυμος

466 967 534 1032 θεοὶ
558 967 713 1052 κέκλημαι
737 965 864 1053 Κύπρις
886 987 931 1048 sq.

261 1069 263 1074 ’
310 1079 445 1160 denique
467 1078 627 1161 Sophoclis
650 1078 805 1142 Philocet
759 1082 845 1143 tteae
866 1078 1089 1159 primordium:

309 1299 502 1364 Nauckius
494 1300 601 1380 igitur,
625 1298 679 1381 qui
701 1298 742 1363 ad
757 1300 839 1364 hunc
854 1301 1048 1365 Philoctetae
1064 1317 1189 1364 versum
1204 1263 1386 1381 responsum
1401 1298 1500 1380 qnod-

310 1412 383 1476 dam
394 1411 559 1491 excogitat,
569 1409 742 1474 certissime
755 1409 914 1474 refutatur
926 1411 1103 1476 Promethei
1114 1411 1293 1492 primordio,
1305 1411 1389 1492 quod
1402 1429 1500 1492 supra

315 1521 634 1601 commemoravimus
657 1520 824 1586 simillimo.

396 1632 499 1710 Quare
521 1637 582 1716 μέν
609 1633 753 1698 omnibus
782 1633 832 1697 his
859 1633 935 1698 locis
958 1633 1021 1698 vim
1051 1633 1256 1715 principalem
1277 1633 1372 1698 hahet
1395 1633 1499 1697 deter-

311 1745 531 1824 minandiut
561 1743 760 1808 enuntiatum
763 1743 833 1824 ‚in
862 1762 923 1825 quo
952 1745 1088 1825 ponitur,
1112 1744 1214 1824 magis
1236 1745 1333 1808 oeulis
1355 1744 1502 1825 subiciat,

314 1854 576 1937 quemadmodum
599 1855 683 1935 apud
705 1873 760 1918 nos
782 1855 995 1935 particulae„
999 1855 1072 1930 inst,
1048 1855 1176 1934 t‚eben
1192 1859 1275 1918 nun“
1299 1860 1502 1936 usurpantur

398 1965 596 2046 Quamquam
618 1964 702 2028 enim
723 1967 842 2050 μέν-
799 1963 899 2028 -δέ
921 1965 1149 2045 particularum
1170 1965 1289 2029 iunctio
1312 1973 1360 2030 est
1347 1967 1504 2031 torchor-

313 2077 403 2156 rima,
426 2082 533 2142 tamen
555 2081 617 2159 μέν
638 2095 700 2140 non
722 2076 825 2140 minus
849 2075 987 2140 liberum
1009 2076 1167 2155 estant,
1191 2077 1347 2157 quami&
1362 2078 1505 2162 sinapio

313 2188 346 2252 in
369 2187 436 2253 fere
457 2187 600 2252 omnibus
623 2188 814 2254 orationihus
836 2193 980 2269 vagatur.
1025 2188 1113 2266 Quae
1135 2208 1184 2256 res
1207 2191 1343 2256 maxime
1364 2208 1420 2271 per
1441 2193 1505 2272 μέν

314 2335 357 2345 -
381 2299 418 2363 δέ
439 2298 641 2379 approbatur,
665 2299 691 2364 si
714 2300 870 2364 sententia
893 2300 1093 2365 distributiva
1116 2301 1242 2382 incedit,
1272 2302 1325 2366 ubi
1352 2305 1415 2384 μέν
1436 2301 1505 2381 qui-

312 2410 383 2474 dem
405 2408 528 2489 plane
520 2415 645 2488 ignorat
667 2409 713 2490 δέ,
736 2410 819 2490 quod
841 2409 988 2489 succedit,
1017 2409 1054 2474 δέ
1076 2429 1110 2477 se
1140 2414 1226 2494 penit
1228 2432 1263 2478 us
1213 2412 1501 2478 ttaceommoda

315 2521 375 2585 isti
390 2523 461 2603 μέν,
486 2519 569 2601 quod
595 2523 651 2585 ant
652 2539 689 2584 ea
711 2521 847 2601 pontum
870 2520 1019 2588 estOi
1043 2523 1140 2603 igitur
1162 2542 1271 2589 versus
1301 2527 1364 2588 694
1387 2527 1502 2588 ολ701

316 2631 539 2696 Persarumet
562 2631 729 2696 Persarum
752 2634 888 2698 65-73

404 2740 586 2823 Comparari
617 2747 723 2807 autem
760 2747 864 2823 potest
893 2763 963 2809 cum
996 2743 1114 2809 verbis:
1143 2743 1247 2820 θεοὺς
1275 2749 1338 2829 μὲν
1369 2763 1415 2827 sq.
1443 2744 1507 2826 pri-

317 2853 473 2919 mordium
499 2871 621 2936 quoque
644 2853 730 2919 chori
751 2854 843 2935 primi
865 2856 1125 2936 Agamemnonis:

317 2965 409 3048 (vers,
433 2965 489 3045 lo)

211 3070 213 3076 ’
471 3074 612 3139 δέκατον
633 3078 695 3159 μὲν
719 3075 790 3150 ἔτος
811 3073 893 3155 τόδ’,
917 3075 992 3142 ἐπεὶ
1014 3095 1059 3158 sp.

318 3204 399 3268 quae
427 3185 522 3251 verba
549 3190 656 3267 praet
641 3204 674 3251 er
702 3187 779 3252 alios
804 3186 993 3269 interpretes
1021 3207 1060 3252 ne
1089 3187 1276 3252 Panzerbiet
1262 3192 1349 3253 torus
1379 3188 1505 3269 quidem

319 3297 482 3383 (Philolt
484 3315 543 3361 om.
566 3297 639 3378 XII,
662 3316 713 3380 pg.
738 3297 815 3384 426)
838 3304 922 3364 recte
944 3299 1095 3381 exposuit

405 3408 449 3473 At
470 3409 573 3473 nescio
596 3427 636 3473 an
658 3410 751 3474 multi
725 3410 886 3475 tmirent
887 3431 933 3491 ur,
956 3411 1039 3492 quod
1061 3430 1123 3477 non
1138 3411 1299 3493 Sophoclis
1318 3377 1422 3476 Aiacis
1444 3410 1506 3491 pri-

322 3520 479 3586 mordium
501 3525 551 3584 att
522 3520 605 3602 λλοΙλ,
629 3520 684 3586 ubi
704 3495 818 3587 haecce
840 3522 950 3603 legunt
950 3541 1003 3586 ur:

475 3627 543 3696 'Asi
564 3627 685 3714 μὲν,’
660 3656 686 3696 ω
709 3644 777 3698 παῖ
796 3637 957 3720 Λαρτίου,
981 3631 1123 3718 δέδορκοέ
1147 3649 1184 3696 σε

475 3744 598 3829 πεῖράν
618 3741 680 3808 τιν’
703 3743 835 3831 ἐχθροῖν
857 3727 1012 3831 α’ρττολοαι
1034 3740 1239 3826 θηρώμενον.

480 3861 536 3918 καὶ
557 3856 620 3921 νῦν
642 3854 700 3920 έπδ
723 3869 857 3940 σκηναῖς
879 3872 915 3920 σε
938 3866 1109 3930 ναυτικαῖς
1132 3849 1199 3940 ὁρῶ

479 3969 635 4044 Αἴαντος,
660 3966 746 4031 ἔνθα
768 3966 865 4042 τάξιν
888 3963 1030 4050 ἐσχάτην
1052 3965 1125 4047 ἔχει.
1149 3984 1194 4046 SQ.

410 4074 570 4155 Nonnulli,
591 4082 627 4141 ut
648 4094 728 4157 reor,
751 4077 816 4142 iam
837 4095 964 4142 calisam
984 4069 1217 4159 perspexerunt,
1239 4076 1278 4141 ob
1301 4093 1396 4157 qnam
1415 4082 1517 4139 antea

322 4185 381 4251 hoc
403 4187 578 4268 exemplum
599 4187 767 4254 omisimus
812 4187 896 4253 Num
917 4189 1002 4254 enim
1023 4187 1126 4267 fallor,
1154 4188 1236 4270 quod
1258 4189 1393 4253 ahenam
1416 4186 1507 4252 huius

324 4297 458 4379 exempli
479 4299 632 4364 rationem
654 4299 718 4364 iam
739 4301 930 4367 intellectam
959 4317 1027 4365 esse
1054 4298 1217 4380 suspicor?
1260 4299 1404 4382 Namque
1425 4298 1509 4362 istud
