3204 5048
903 331 924 395 8

813 419 1019 433 ΜΜᾺΛΛΛΛΙ

322 536 498 619 adscripsit,
521 551 584 616 qua
606 535 703 600 etiam
725 536 766 601 ad
789 535 872 601 hune
893 535 1039 602 nuntium
1060 536 1244 618 popularem
1266 555 1441 603 sermonem
1466 559 1523 606 re-

321 652 403 717 ferre
424 652 564 714 conatur.
1412 652 1415 658 '

407 761 504 826 Porro
527 777 635 824 moneo
658 760 887 841 speculatorem
910 759 943 823 in
965 759 1090 842 Septem
1111 760 1153 824 ad
1175 760 1299 826 Thebas
1320 762 1353 826 in
1382 779 1520 827 scenam

320 874 517 958 productum,
541 871 596 952 qui
612 871 759 935 distincte
774 887 872 935 unum
887 889 1042 952 quemque
1056 872 1186 956 heroum
1201 872 1368 953 significat.
1392 874 1519 939 Utrum

320 988 443 1067 haecce,
473 984 506 1047 in
534 983 647 1065 quibus
674 982 801 1065 penitus
829 983 918 1047 nervi
945 983 1053 1048 insunt
1081 983 1272 1065 tragoediae,
1302 984 1385 1050 nude
1408 990 1442 1050 et
1466 987 1519 1051 in-

320 1100 404 1166 culte
434 1097 519 1160 dicta
553 1096 681 1160 censes?
718 1113 759 1158 an
793 1113 866 1159 vero
900 1094 1029 1160 excelsis
1066 1095 1143 1160 artis
1180 1095 1335 1160 coloribus
1373 1100 1518 1162 ornata?

321 1210 383 1288 Qui
404 1208 487 1273 enim
510 1207 589 1271 haec
609 1205 706 1270 verba
726 1210 886 1286 agrestem
908 1206 1088 1271 barbariem
1110 1207 1250 1290 redolere
1277 1208 1426 1289 sentiunt,
1460 1228 1517 1274 eo-

321 1321 392 1386 dem
423 1320 491 1384 iure
518 1317 762 1398 Agamemnonis
791 1317 842 1382 vel
873 1315 1143 1400 Clytaemnestrae
1173 1319 1330 1384 orationes
1361 1319 1516 1385 dirimere

318 1435 458 1514 possunt.

220 1559 230 1572 ²
348 1603 351 1606 ,
404 1541 543 1622 Accedit,
566 1540 648 1622 quod
671 1558 691 1604 a
712 1540 875 1620 tragoedia
890 1540 1007 1618 Attica,
1030 1559 1111 1622 qnae
1133 1541 1243 1606 heroes
1265 1541 1403 1606 celebrat
1418 1541 1513 1606 deos-

318 1673 389 1737 que,
412 1671 539 1736 prorsus
569 1652 707 1716 alienum
737 1657 786 1716 est
807 1651 885 1716 illud
906 1651 1025 1717 humile
1047 1671 1145 1733 genus
1168 1653 1323 1734 loquendi,
1347 1652 1430 1733 quod
1453 1671 1513 1718 na·

317 1771 423 1830 turam
445 1783 550 1828 rerum
572 1762 718 1827 exhaurit
739 1768 834 1844 atque
857 1763 897 1827 ad
917 1763 1002 1829 vitae
1017 1764 1201 1846 quisquihas
1217 1769 1250 1828 et
1263 1782 1364 1844 nugas
1379 1763 1512 1828 descen·

317 1879 372 1942 dit.
423 1875 533 1956 Neque
560 1875 645 1938 enim
672 1874 860 1938 nostratium
894 1876 1090 1954 tragoediam
1118 1876 1237 1939 moneri
1267 1875 1391 1954 attinet,
1424 1893 1510 1955 quae

227 1980 229 1984 ⁴
316 1988 420 2052 varias
442 1985 623 2051 mortalium
646 1987 745 2049 sortes
767 1981 912 2049 omnibus
933 1985 1078 2066 partibus
1093 1984 1215 2067 effingit
1230 1991 1262 2050 et
1276 1986 1509 2051 diversissimas

315 2118 421 2164 rerum
448 2097 659 2161 humanarum
689 2095 884 2160 condiciones
911 2095 1058 2161 distincte
1093 2097 1248 2178 exprimit.
1299 2097 1438 2161 lamani
1467 2099 1508 2161 de

315 2215 424 2276 nostra
452 2211 575 2290 quoqne
603 2209 766 2289 tragoedia
795 2208 964 2290 disceptari
991 2212 1104 2290 potest,
1134 2227 1211 2273 num
1239 2209 1280 2272 ad
1305 2213 1406 2272 artem
1433 2226 1507 2272 con·

314 2322 418 2401 ducat,
441 2321 469 2384 si
490 2324 601 2400 poetae
623 2324 771 2383 naturam
793 2319 891 2382 nimia
912 2308 1109 2398 indulgentia
1131 2320 1307 2385 imitantur.
1334 2355 1370 2366 -

401 2429 462 2495 Sed
490 2430 569 2495 haee
596 2430 757 2494 hactenus.
809 2428 1007 2493 Excubitoris
1039 2434 1145 2493 autem
1175 2430 1348 2494 orationem
1370 2429 1505 2494 liberam

313 2561 383 2608 esse
411 2541 495 2606 omni
524 2541 714 2621 loquacitate
742 2544 775 2604 et
803 2540 1010 2625 perversitate
1032 2544 1064 2604 et
1087 2541 1231 2605 omnibus
1252 2541 1389 2622 ineptiis,
1420 2541 1504 2622 quis

314 2653 384 2735 quis
413 2651 596 2732 intellegere
623 2651 725 2730 dehet,
756 2647 811 2733 qui
838 2651 905 2715 eius
934 2651 1030 2716 verba
1057 2651 1224 2732 diligenter
1250 2653 1406 2734 cognovit.
1452 2652 1501 2717 Ab

313 2765 380 2846 ipso
402 2765 486 2829 enim
508 2764 599 2828 initio
622 2767 742 2843 quanta
764 2762 891 2828 ubertas
914 2769 963 2827 est
985 2763 1116 2844 dicendi,
1143 2768 1264 2845 qnanta
1286 2767 1318 2828 et
1340 2763 1430 2844 copia
1452 2783 1501 2829 ex-

314 2879 378 2939 stat
400 2880 432 2940 et
454 2874 609 2956 gravitas!
659 2872 788 2939 Gaudeo
816 2874 924 2955 igitur,
952 2876 1035 2956 quod
1057 2873 1236 2940 Wunderus
1264 2875 1392 2955 egregia
1420 2892 1499 2938 com·

313 2985 505 3052 mentatione
533 2986 649 3068 (progr.
679 2984 777 3050 Grim.
806 2989 887 3050 1857
922 2986 979 3066 „de
1007 2984 1154 3067 Aeschyli
1175 2987 1409 3067 Agamemnone
1438 2985 1498 3051 dis·

312 3098 444 3163 sertatio
469 3097 580 3162 critica
609 3101 641 3161 et
663 3096 839 3175 exegetica“
871 3113 922 3178 pg.
953 3097 1059 3182 1-2)
1087 3101 1119 3161 et
1145 3097 1323 3178 nuperrime
1345 3096 1496 3162 Maehlius

314 3207 418 3293 (novo.
441 3227 514 3274 ann.
538 3207 625 3290 phill.
649 3212 723 3272 tom.
737 3206 831 3288 XCV,
853 3226 904 3289 pg.
922 3206 1000 3293 425)
1023 3206 1148 3272 omnino
1170 3208 1325 3272 urbanum
1348 3225 1414 3273 esse
1436 3225 1496 3272 ser-

311 3337 434 3384 monem
449 3320 586 3385 custodis
602 3318 847 3384 affirmaverunt.
870 3318 977 3383 Nihilo
992 3325 1099 3384 tamen
1113 3319 1224 3399 secius,
1236 3320 1313 3401 quin
1328 3318 1494 3400 Aeschylus

314 3435 346 3494 et
359 3430 535 3512 Sophoclea,
559 3430 619 3496 etsi
634 3431 775 3495 homines
791 3432 830 3495 de
844 3430 935 3512 plebe
949 3449 1011 3495 non
1026 3431 1149 3512 plebeio
1163 3449 1305 3497 sermone
1320 3430 1492 3509 induerunt,

312 3546 419 3606 tamen
442 3543 486 3606 eis
508 3533 679 3608 tribuerint
699 3559 754 3606 eas
777 3543 960 3623 sententias,
983 3561 1064 3623 quae
1083 3549 1177 3625 aptae
1194 3548 1298 3608 essent
1311 3541 1491 3619 hominibus,

311 3652 451 3718 dubitari
473 3641 536 3719 non
558 3658 670 3736 potest.

395 3763 524 3830 Summa
547 3771 652 3830 autem
676 3784 737 3831 nox
759 3771 816 3848 est,
840 3766 942 3847 caligo
961 3770 1010 3830 est
1033 3763 1141 3846 etiosa,
1170 3768 1340 3830 nocturnae
1367 3763 1490 3845 pruinae

309 3875 480 3957 destillant,
511 3877 616 3942 omnia
642 3851 763 3943 silent:
794 3884 863 3940 tum
885 3877 989 3941 subito
1012 3880 1115 3942 eustos
1138 3876 1223 3958 loqui
1245 3875 1356 3956 coepit,
1378 3875 1432 3956 qui
1451 3875 1491 3938 la-

307 3986 399 4052 bores
421 3988 622 4053 excubiarum
644 4007 706 4053 non
729 3988 788 4052 hae
810 3987 912 4069 prima
935 3993 1026 4054 nocte
1047 3988 1223 4071 perpetitur
1245 3991 1277 4051 et
1298 3987 1488 4068 iampridem

307 4099 471 4164 tormentis
493 4101 682 4165 exercitatus
705 4117 741 4164 eo
763 4099 978 4164 vehementius
1001 4100 1199 4184 avetbignem
1220 4098 1380 4164 incensum
1402 4098 1441 4162 iri
1459 4101 1488 4160 et

307 4208 374 4274 iore
395 4210 455 4276 sibi
478 4211 573 4276 finem
594 4211 756 4277 malorum.
802 4209 885 4287 Quot
908 4216 1013 4276 antem
1038 4215 1144 4276 noctes
1173 4210 1374 4292 privigilavit,
1403 4209 1486 4274 toties

306 4321 464 4402 regionem
485 4322 605 4388 frustra
625 4323 723 4389 oculis
745 4322 949 4404 perlustravit
971 4339 1074 4403 neque
1094 4321 1184 4402 ignes
1206 4321 1399 4386 illucescunt.
1433 4319 1485 4384 Ou-
