3204 5048
618 323 824 421 mik

215 528 259 594 At
281 528 365 594 enim
386 546 449 610 qna
470 526 593 596 ratione
614 529 744 595 nuntius
766 529 908 596 redditus
929 529 1152 612 emendetur,
1175 530 1202 599 si
1225 531 1319 604 Troia

129 641 203 708 urbs
226 641 337 706 diurno
359 645 499 724 tempore
521 640 784 722 expugnabatur?
820 639 1043 718 Quaestionem
1064 642 1142 707 satis
1164 662 1319 710 morosam

5 829 6 856 i
128 753 340 832 instituimus3
362 769 481 834 verum,
503 753 753 835 quandocunque
769 751 863 820 Troia
877 753 954 818 urbs
976 757 1070 834 capta
1091 759 1149 830 est,
1172 756 1319 822 nuntium

129 864 223 929 buius
250 869 380 929 eventus
415 883 471 946 per
502 865 609 946 ignem
635 868 754 931 noctu
786 865 923 930 relatum
952 882 1020 930 esse
1056 865 1225 934 verisimile
1252 873 1317 950 est,

129 975 341 1059 quamobrem,
377 976 404 1040 si
434 979 554 1044 noctu
579 976 772 1057 capiebatur,
800 975 910 1042 eadem
937 980 1028 1041 nocte
1055 977 1181 1058 signum
1208 977 1318 1044 datum

129 1104 206 1166 esse,
237 1087 287 1152 sin
314 1104 388 1152 vero
414 1086 597 1151 interdiu
622 1087 726 1169 periit,
756 1105 794 1153 ea
822 1091 923 1167 nocte,
952 1105 1034 1169 quae
1061 1089 1317 1172 sequebatur,
1449 1140 1451 1145 .

128 1195 218 1280 ignes
241 1197 383 1264 incensos
405 1217 473 1264 esse
494 1198 604 1280 liquet.

214 1308 303 1387 Quod
325 1316 431 1376 autem
452 1310 634 1391 Ludwigius
662 1307 714 1396 (cf.
738 1310 849 1376 Philol.
874 1315 948 1376 tom.
972 1310 1073 1392 XVII,
1101 1329 1152 1394 pg.
1179 1313 1254 1398 183)
1283 1312 1319 1388 δς

129 1420 329 1507 κοιμώμενος
357 1441 413 1505 pro
441 1422 545 1487 verbis
574 1424 615 1508 ἢν
641 1420 842 1506 κοιμώμενος
869 1422 1041 1504 supposuit,
1073 1423 1195 1488 nullum
1225 1441 1319 1504 argu-

5 1581 6 1584 ,
129 1537 270 1600 mentum
292 1553 427 1616 agnosco
458 1533 654 1600 emendandi.
700 1534 761 1599 Sed
783 1535 897 1613 nescio,
928 1551 984 1598 cur
1001 1533 1190 1616 interpretes
1212 1551 1318 1600 omnes

5 1661 6 1714 ἲ
130 1646 340 1712 coniectmam
364 1645 540 1728 spreverint
562 1662 581 1707 a
603 1642 791 1710 Sandvossio
812 1644 846 1709 in
867 1643 948 1709 Phil.
971 1649 1047 1710 tom.
1068 1645 1131 1710 ΧΠ
1152 1645 1318 1728 prolatam,

5 1799 7 1810 ι
129 1775 167 1823 ex
188 1757 321 1823 Medioei
343 1756 509 1838 scriptura,
532 1755 586 1836 qui
608 1753 639 1820 δ’
657 1757 698 1842 ἣν
718 1754 919 1839 κοιμώμενος
939 1756 1098 1838 praebeat,
1120 1749 1320 1822 scribendum

130 1887 197 1934 esse
218 1868 259 1954 δὴ
280 1867 520 1952 ’μκοιμώμενος
572 1865 715 1950 Namque
742 1867 909 1933 beennon
935 1867 1026 1936 modo
1054 1867 1319 1934 verisimilitatem

5 2013 6 2074 3
129 1978 247 2044 habent
268 1981 477 2063 exscriptore
499 1979 622 2060 codicis,
645 1998 755 2044 verum
776 1979 874 2044 etiam
895 1979 935 2047 ad
957 1985 1062 2044 cetera
1083 1979 1179 2045 verba
1201 1979 1319 2062 optime

5 2109 7 2168 1
129 2091 340 2174 applicantur:
371 2091 527 2172 particula
553 2091 638 2155 enim
665 2090 704 2175 δι’]
732 2092 820 2156 iuxta
848 2094 952 2176 μῆκος
982 2095 1015 2155 et
1043 2090 1195 2157 eirrsmodi
1224 2090 1319 2155 verba

5 2195 6 2252 ἕ
128 2203 315 2268 creberrime
336 2207 440 2268 exstat
462 2207 494 2268 et
515 2202 556 2267 ab
579 2199 824 2288 ἐμιαιμώμενος,
847 2201 1110 2282 quemadmodum
1131 2201 1319 2268 Karstenius

5 2331 6 2358 ³
130 2333 253 2396 quoque
275 2314 369 2379 scribi
390 2315 468 2394 vult,
492 2313 588 2378 verba
611 2317 742 2396 στέγαις
761 2309 938 2399 Ἀτρειδών
959 2311 1051 2378 facile
1073 2312 1220 2394 pendent.

213 2423 333 2502 Quibus
362 2424 583 2508 comprobatis,
611 2429 682 2508 post
710 2422 806 2500 κυνός
835 2423 931 2510 drapo
957 2423 1242 2508 interpungendum
1270 2428 1319 2489 est
1383 2421 1393 2434 ”

127 2541 159 2602 et
181 2555 201 2602 a
223 2535 363 2601 κάτοιδα
384 2555 430 2619 sq.
457 2555 538 2602 nova
567 2535 676 2618 incipit
699 2537 865 2618 sententia,
894 2536 926 2600 id
948 2535 1031 2618 quod
1053 2536 1132 2603 nibil
1154 2536 1319 2602 molestum

127 2647 232 2714 habet.

212 2761 319 2844 Atque
339 2761 386 2826 ita
408 2760 513 2842 pergit
534 2757 721 2841 Aeschylus:

285 2872 417 2959 ἄστρων
439 2869 580 2936 κάτοιδα
601 2875 768 2956 νυκτέρων
789 2865 948 2956 ὁμήγυριν

284 2992 341 3050 καὶ
364 2982 441 3060 ταδς
464 2986 628 3070 φέροντας
648 2995 747 3068 χεῖμα
769 2990 826 3047 καὶ
848 2985 951 3068 θέρος
972 2985 1103 3066 βροτοῖς

282 3094 456 3182 δαμπροάς
478 3093 646 3170 δυνάστας
669 3095 903 3180 ἐμπρέποντας
924 3095 1040 3178 αἰθέρι

284 3205 443 3295 [άστέρας
464 3207 547 3272 ὅταν
569 3209 741 3292 φθίνωσιν
762 3202 904 3280 άντυλάς
924 3227 960 3268 τε
981 3205 1075 3284 vota]

214 3319 354 3398 Quorum
376 3337 502 3384 versum
522 3317 669 3382 ultimum
691 3317 762 3382 ilico
785 3316 907 3382 uneulis
929 3315 1057 3395 removi,
1084 3334 1178 3399 quem
1200 3320 1233 3382 et
1253 3333 1320 3382 cor·

130 3449 273 3514 rumpere
295 3430 514 3498 antecedentia
536 3433 568 3494 et
589 3428 694 3512 ipsum
715 3432 897 3509 corruptum
919 3445 987 3493 esse
1012 3425 1106 3493 facile
1127 3427 1317 3494 conceditur.

130 3543 267 3610 Keckius
303 3548 421 3622 tamen,
454 3540 509 3622 qui
541 3559 666 3606 versum
697 3544 714 3603 7
747 3539 971 3622 interpolatum
1004 3556 1072 3604 esse
1106 3543 1212 3622 negat,
1246 3539 1320 3621 quia

5 3651 6 3660 ’
130 3655 249 3720 nullam
271 3672 383 3723 ansam
404 3656 513 3718 cernat
535 3651 755 3734 interpolandi,
776 3651 921 3716 lacunam
943 3649 1130 3734 suspicatur,
1158 3649 1320 3734 quamsit

130 3763 195 3832 lere
216 3764 402 3848 explendam
424 3765 597 3830 existimat:

285 3986 458 4074 λαμπροάς
479 3986 647 4064 δυνάστας
670 3988 898 4073 ἐμπρέποντας
918 3988 1034 4071 αἰθέρι

286 4097 429 4186 άστέρας
450 4094 624 4184 [expirata
648 4107 716 4166 otta
739 4094 936 4182 σημαίνουώ
957 4093 1011 4162 der

284 4209 392 4296 μῆνάς
412 4207 467 4292 θ’]
491 4211 574 4276 ὅταν
596 4215 770 4296 φθίνωσιν
792 4207 935 4284 ἀντολάς
956 4204 985 4272 τ’
1008 4206 1101 4272 δτών.

216 4322 361 4406 Namque
388 4318 531 4402 ἀντολάς
556 4345 592 4390 το
619 4324 688 4391 τών
714 4325 819 4388 mutat
846 4340 885 4388 ex
911 4317 1089 4388 coniectura
1117 4316 1152 4382 in
1179 4310 1321 4392 ἀντολάς

742 4433 747 4442 .
1023 4435 1076 4490 2·
