3204 5048
870 362 912 424 32

787 444 993 463 VWWNAIW

384 565 428 631 Et
456 564 663 652 πιφαύσκειν
690 563 774 630 idem
801 567 859 644 est,
890 565 974 644 quod
1002 565 1036 628 in
1064 563 1165 630 latina
1190 564 1300 646 lingua
1326 562 1491 628 illustrare

298 678 348 743 vel
371 677 532 742 declarare
560 677 611 741 vel
632 674 813 755 ostendere3
845 675 899 740 sed
928 693 1090 758 nunquam
1117 695 1188 741 eum
1216 694 1342 742 sensum
1370 674 1491 740 habere

298 790 433 868 videtur,
455 789 516 854 nisi
531 787 570 852 de
585 787 707 866 magnis
722 791 755 852 et
769 787 898 852 excelsis
913 788 1006 852 rebus
1021 788 1145 868 dicitur,
1168 806 1250 868 quae
1267 787 1489 854 ostenduntur.

299 900 346 966 Of.
370 901 453 966 enim
474 900 560 966 Pers.
584 917 628 964 vs.
653 902 725 962 661.
777 899 823 962 De
845 896 1090 973 remigantem
1112 899 1280 965 scholiasta
1302 898 1491 972 refutandus

299 1018 357 1093 est,
386 1013 439 1094 qui
462 1011 497 1077 ἐκ
518 1010 634 1086 νυκτὸς
656 1007 782 1096 ἡμέραν
804 1007 918 1084 διδούς
946 1011 1114 1092 adscripsit
1141 1029 1242 1093 neque
1263 1008 1381 1088 νυκτός
1402 1010 1491 1076 idem

198 1129 202 1135 '
299 1141 377 1204 esse,
399 1123 483 1205 quod
501 1123 639 1208 νύκτωρ,
663 1121 826 1186 intellexit.
871 1119 918 1186 uf.
941 1123 1028 1188 Pers.
1052 1141 1096 1189 vs
1121 1126 1193 1188 200.

386 1235 545 1299 Lacunam
573 1253 656 1313 vero,
685 1251 780 1314 quam
809 1233 946 1298 Keckius
977 1239 1008 1298 et
1036 1238 1161 1300 secutus
1184 1251 1256 1298 eum
1278 1233 1411 1299 Weilius
1435 1231 1489 1319 (cf.

300 1365 390 1412 norv.
414 1366 486 1412 ann.
509 1351 583 1411 tom.
606 1345 775 1424 LXXXIX,
798 1362 849 1426 pg.
873 1345 951 1430 292)
981 1351 1051 1426 post
1074 1345 1173 1432 τῆσδε
1195 1349 1371 1434 συμφορᾶς
1392 1343 1494 1432 χάριν
1565 1367 1568 1374 “

301 1463 491 1537 statuerunt,
514 1458 643 1522 minime
665 1457 783 1537 accipio
805 1475 906 1537 neque
927 1457 1000 1522 illas
1022 1476 1143 1537 causas,
1166 1477 1245 1539 quas
1260 1458 1397 1523 Xeckius
1417 1477 1492 1539 sup

301 1569 464 1653 peditavit,
492 1587 637 1650 agnosco.
682 1567 826 1650 Namque
848 1567 906 1654 ἥδε
928 1568 1086 1656 συμφορά
1108 1588 1171 1634 non
1192 1570 1260 1652 ipsa
1282 1568 1416 1636 flamma·
1431 1574 1490 1650 est,

301 1700 410 1746 verum
433 1682 580 1746 interitus
603 1680 715 1746 Troiae
737 1685 794 1760 est,
817 1680 873 1761 qui
894 1699 950 1762 per
971 1680 1131 1745 flammam
1153 1681 1327 1749 nuntiatur.

386 1792 474 1871 Quae
507 1797 592 1858 recte
621 1793 654 1856 in
681 1791 821 1856 Mediceo
853 1792 1013 1873 excipiunt
1039 1793 1191 1858 clamores
1218 1793 1407 1859 excubitoris
1437 1795 1493 1859 ιάὕ

303 1907 367 1982 iot,
390 1922 468 1985 quos
490 1909 562 1985 post
582 1921 707 1969 versum
723 1903 761 1966 21
786 1903 966 1967 inserendos
988 1922 1057 1968 esse
1079 1904 1215 1985 negab03
1239 1905 1295 1970 sed
1315 1923 1371 1986 per
1391 1905 1492 1970 istaec

302 2128 434 2192 mientes
456 2117 692 2208 expergefacere
714 2126 858 2206 solemus,
886 2126 1040 2206 imitatur,
1069 2127 1252 2209 priusquam
1279 2127 1320 2192 ad
1349 2127 1491 2209 reginam

303 2257 337 2304 se
365 2237 486 2303 confert
515 2244 611 2320 atque
632 2256 701 2303 cam
730 2239 895 2303 certiorem
920 2237 1005 2303 facit.
1050 2239 1161 2319 Itaque
1189 2257 1251 2303 non
1278 2239 1427 2319 adducor,
1455 2244 1492 2304 ut

301 2349 336 2412 in
365 2368 410 2414 vs.
441 2353 482 2414 26
517 2367 555 2413 ex
588 2349 660 2414 aliis
694 2350 853 2415 codicibus
887 2350 1076 2430 scripturam
1111 2349 1243 2414 Medicei
1275 2359 1424 2436 σημαίνω
1459 2351 1492 2416 in

305 2461 442 2546 σημανῶ
463 2460 636 2525 immutem.
667 2459 755 2538 Quae
775 2461 880 2541 opinio
896 2461 992 2526 etiam
1009 2461 1177 2526 adiuvatur
1191 2461 1380 2527 scholiastae
1394 2464 1491 2529 inter-

303 2571 496 2654 pretatione:
518 2574 637 2658 τορῶς]
660 2570 923 2658 μαγαλοφώνωςγ
946 2591 1018 2637 narn
1039 2572 1134 2637 idad
1157 2576 1211 2638 ιάὕ
1226 2575 1280 2637 ron
1295 2563 1494 2640 referendum

305 2687 362 2764 cst,
385 2701 465 2764 quae
488 2682 650 2748 excubitor
670 2684 792 2748 su'mma
812 2702 886 2749 voce
908 2684 1071 2748 exclamat.

391 2794 538 2860 Ceterum
562 2797 616 2861 ιάὕ
637 2796 794 2876 pertinere
816 2795 858 2860 ad
879 2796 1075 2878 tragoediam
1097 2800 1215 2877 negant
1236 2795 1405 2861 etiterum
1427 2815 1493 2862 rem

305 2905 427 2988 plebeio
454 2905 643 2971 excubitoris
671 2924 813 2972 sermone
840 2913 998 2974 excusant.
1051 2906 1094 2971 At
1122 2907 1200 2974 conf.
1231 2908 1291 2990 Ag.
1321 2925 1366 2972 vs.
1399 2911 1491 2973 1214.

305 3017 442 3100 Choaph.
466 3021 539 3084 881.
584 3017 678 3100 Soph.
701 3019 750 3084 ni.
775 3021 826 3084 93.

392 3130 472 3194 Tum
500 3135 608 3195 autem
636 3130 670 3194 in
692 3130 747 3209 ein,
777 3147 859 3211 quae
886 3134 1060 3211 sequuntur
1087 3147 1186 3211 usque
1214 3130 1255 3195 ad
1276 3149 1322 3196 vs.
1345 3133 1383 3196 31
1415 3131 1495 3196 nihil

306 3241 467 3321 habemus,
489 3242 572 3323 quod
594 3241 770 3321 adnotetur,
794 3242 856 3306 nisi
878 3241 917 3306 de
938 3239 1056 3305 verbis:

462 3387 589 3435 „-—--—
611 3351 655 3429 ὥς
677 3351 696 3420 ὅ
719 3354 862 3441 φρυκτὸς
883 3350 1050 3435 ἀγγέλλων
1071 3355 1213 3438 πρέπειιλ

306 3483 362 3550 pro
383 3465 499 3546 quibus
521 3465 598 3530 haec
620 3464 686 3530 lere
708 3471 944 3547 exspectantur:

462 3613 521 3656 „—
548 3613 585 3624 —
611 3572 654 3655 ὦς
677 3573 695 3642 ὁ
718 3576 862 3665 φρυκτὸς
883 3575 1032 3660 ἀγγέλλει
1052 3579 1222 3663 πρέπων.“

392 3689 543 3754 Attamen
563 3689 634 3771 plus
656 3690 772 3771 rigoris
794 3687 926 3755 affertur
947 3688 1092 3769 sermoni,
1121 3707 1158 3753 eo
1179 3687 1275 3752 verbo
1296 3693 1494 3767 exaggerato,

308 3803 389 3885 quod
411 3803 561 3867 maiorem
583 3805 772 3882 potestatem
798 3800 894 3866 habet
924 3798 1102 3866 enarrandi.
1147 3797 1244 3864 Velut
1271 3797 1304 3862 in
1326 3796 1495 3880 Agamem·

307 3933 388 3980 none
409 3933 454 3980 vs.
480 3917 541 3978 422
564 3914 610 3978 sic
630 3912 761 3995 legitur:

464 4062 527 4107 „·-
547 4059 591 4072 -
613 4021 680 4091 εὖτ’
701 4023 745 4089 ἂν
767 4021 875 4088 ἐσθλά
896 4045 945 4097 τις
967 4020 1075 4087 δοκῶν
1096 4017 1190 4107 &prist

308 4159 365 4224 pro
386 4138 499 4221 quibus
517 4139 659 4203 usitatus
681 4141 764 4201 esset
785 4153 901 4200 sermo:

465 4287 526 4330 „—
550 4287 591 4298 -
614 4245 682 4316 εὖτ’
704 4247 749 4313 ἂν
771 4244 880 4312 ἐσθλά
901 4270 951 4322 τις
972 4242 1057 4332 ὁρᾶν
1079 4243 1191 4337 δοκῇ.“

396 4361 510 4432 Custos
532 4362 630 4446 igitur
652 4379 686 4426 se
707 4377 770 4425 non
791 4359 883 4424 modo
906 4358 1048 4440 reginam
1065 4356 1230 4423 certiorem
1251 4352 1410 4420 iacturum
1431 4369 1496 4418 esse
