3204 5048
717 367 736 428 5

620 445 826 465 -ΛΙΧΛΛΛΛΛΛΛ

213 569 384 651 Postquam
412 586 486 634 vero
516 569 625 651 paucis
652 569 744 636 annis
773 573 847 636 ante
869 568 964 636 Weih
991 573 1024 636 11
1044 569 1145 636 Keclri
1166 571 1320 637 editiones

126 679 273 762 plurimis
295 681 371 746 locis
394 685 515 746 textum
538 680 685 764 Aeschyli
707 686 918 761 mutaverunt,
942 681 997 763 qui
1018 681 1064 761 fit,
1087 687 1124 747 ut
1145 700 1228 748 nunc
1250 682 1319 763 qui-

127 791 201 856 dem
230 792 295 856 iam
322 791 427 857 omnia
454 792 600 858 absoluta
628 797 662 858 11
690 791 829 875 perlecta
858 792 1047 858 videantur?
1097 791 1218 874 Nempe
1258 809 1322 858 uon

131 920 249 983 vereor,
273 921 313 968 ne
333 901 476 984 Weilius,
499 904 576 985 quid
598 904 637 970 de
659 921 693 970 sc
715 921 875 985 quaeram,
905 921 968 968 non
989 903 1164 984 intellegat.
1209 903 1321 970 Nonne

130 1014 216 1080 enim
239 1014 339 1080 omnis
361 1013 426 1081 1111
448 1015 628 1082 coniectma
649 1033 762 1081 novam
777 1033 884 1080 secum
898 1013 995 1080 habet
1009 1014 1321 1096 interpretationem?

128 1125 227 1190 Porro
256 1143 358 1192 nonne
384 1143 492 1191 ornnes
526 1126 725 1192 coniecturae
754 1126 795 1192 ab
823 1126 1001 1192 hominibus
1025 1125 1125 1192 doctis
1155 1130 1320 1207 propterea

128 1238 171 1302 ad
192 1241 314 1302 textum
336 1237 534 1317 adhibentur,
564 1238 647 1320 quod
669 1237 766 1304 hbros
794 1237 907 1304 melius
936 1237 1140 1318 interpretari
1168 1236 1321 1318 cupiunt?

128 1348 218 1426 Quae
244 1368 316 1414 curn
343 1349 389 1414 ita
416 1349 491 1428 siut,
519 1367 582 1415 non
609 1350 714 1414 minus
741 1349 906 1428 aWeiho,
934 1367 1028 1430 quam
1057 1347 1219 1412 aKeckio
1247 1365 1319 1412 con-

126 1459 263 1524 iecturas
285 1458 386 1526 iactas
409 1478 477 1526 esse
490 1461 571 1542 scio,
601 1465 637 1525 ut
665 1479 791 1526 sensum
812 1461 972 1526 meliorem
992 1458 1160 1526 redderent
1181 1462 1214 1523 11
1235 1459 1318 1524 locos

129 1571 241 1636 melius
262 1572 555 1654 interpretarentur,
583 1591 678 1654 quarn
700 1571 766 1651 alii,
795 1577 836 1650 et,
865 1572 891 1636 si
913 1571 1066 1638 nescirem
1087 1571 1130 1650 id,
1163 1569 1246 1650 quod
1269 1587 1320 1634 me

129 1682 210 1746 scire
244 1680 377 1761 affirmo,
411 1683 489 1748 mihi
522 1683 621 1748 otium
654 1683 780 1748 illorum
812 1682 845 1748 in
876 1681 1029 1763 Aeschylo
1062 1682 1200 1762 11111111
1230 1680 1321 1745 valde

1 1865 3 1898 r
128 1791 294 1873 disphcere
315 1811 441 1860 necesse
463 1799 556 1859 emet.
601 1793 663 1860 Sed
684 1793 821 1860 chkius
843 1793 1017 1872 dumtaxat,
1047 1792 1101 1857 ubi
1119 1791 1226 1858 nullas
1247 1809 1320 1856 con·

128 1903 266 1968 iacturas
288 1904 389 1968 textui
411 1904 552 1984 inseruit,
580 1905 725 1986 plurimis
753 1905 830 1970 locis
852 1904 1047 1986 tragoediam
1067 1921 1157 1970 secus
1179 1902 1321 1983 intellegi

128 2015 198 2080 vult
219 2019 315 2096 atque
336 2016 442 2095 ceteri,
464 2021 507 2095 et,
529 2034 611 2097 quac
633 2015 818 2098 perturbata
840 2020 939 2096 erant,
973 2015 1131 2096 expedivit
1153 2019 1185 2078 et
1207 2013 1321 2078 scriem

129 2126 289 2208 quandam
310 2145 416 2191 rerum
438 2125 582 2204 coniecit,
604 2134 641 2192 ut
663 2127 726 2192 alia
747 2145 828 2192 nexa
841 2127 1002 2192 rideretur
1023 2145 1062 2192 cx
1082 2126 1148 2192 alia
1166 2129 1199 2190 et
1213 2142 1320 2190 omues

127 2237 212 2302 inter
233 2256 267 2302 se
287 2243 392 2318 aptae.
436 2238 539 2315 Quam
560 2237 719 2302 rationem
741 2255 838 2304 unam
860 2256 899 2303 ex
919 2237 1064 2304 omnibus
1085 2236 1230 2302 idoneam
1251 2253 1320 2300 esse

0 2430 2 2439 Ι
129 2366 201 2412 reor
222 2347 263 2412 ad
285 2347 382 2414 libros
404 2349 614 2430 corrigendos,
637 2348 665 2412 si
687 2348 783 2414 nullis
806 2349 980 2414 emendatis
994 2347 1196 2414 emendamus
1212 2351 1321 2412 tamen

127 2458 356 2540 quodammodo
384 2465 418 2524 11
446 2459 540 2524 rebus
573 2459 705 2524 mutatis
738 2461 843 2526 omnia
875 2465 1002 2542 optume
1035 2476 1220 2524 conseruare
1250 2475 1321 2538 pos-

1 2652 4 2663 ,
128 2588 246 2636 sumus.
290 2568 404 2650 Quare,
432 2571 460 2636 si
482 2570 516 2634 id
535 2570 746 2636 confitendum
767 2576 824 2651 est,
855 2589 925 2636 cam
950 2570 1106 2636 rationem
1134 2587 1202 2637 esse
1224 2569 1321 2637 medi-

0 2763 5 2772 *
128 2682 232 2746 cinam
253 2681 424 2761 meliorem
446 2682 584 2762 gaudere
607 2700 664 2748 nos
686 2687 818 2764 oportet.
842 2683 925 2765 quod
946 2682 1014 2748 eius
1035 2681 1150 2748 auxiho
1170 2698 1321 2762 persaepe

0 2781 7 2797 '
130 2793 312 2858 violentiam
338 2792 513 2858 coniciendi
544 2812 748 2860 removemus.
803 2794 969 2875 Equidem,
1002 2793 1062 2858 etsi
1090 2792 1219 2857 minime
1249 2809 1324 2857 cou-

1 2875 4 2906 '
128 2909 237 2970 temno
270 2922 319 2982 ca,
352 2921 434 2984 quae
465 2903 605 2970 homines
637 2905 722 2970 docti
752 2905 956 2970 commentati
984 2910 1059 2970 sunt
1087 2904 1127 2970 de
1156 2902 1320 2985 Aeschylo,

130 3020 238 3082 111111
266 3015 395 3096 longum
424 3019 457 3080 et
486 3016 625 3097 amplum
653 3016 791 3098 spatium
819 3017 963 3084 rehctum
992 3034 1060 3080 esse
1088 3033 1197 3079 censeo
1225 3014 1322 3078 inter·

2 3097 6 3130 ⁸
130 3125 271 3208 pretanti
301 3129 350 3206 et,
384 3143 465 3206 quae
492 3127 610 3193 sentiat
639 3132 747 3222 potita,
772 3128 955 3208 diligentius
984 3125 1265 3193 animadvertenda
1286 3129 1318 3190 et

130 3237 352 3302 eruendacsse
368 3255 470 3318 neque
484 3255 557 3302 vero
571 3237 781 3320 artificiosam,
800 3238 997 3318 laboriosam,
1011 3255 1168 3304 morosam
1183 3254 1320 3318 operam,

1 3355 2 3358 ’
129 3365 227 3429 quarn
248 3348 389 3414 Heusdio
415 3349 543 3430 quidem
572 3349 640 3414 iurc
668 3349 837 3432 ahquando
858 3349 991 3416 Weilius
1020 3348 1186 3431 opprobrio
1215 3348 1320 3427 vertit,

8 3458 13 3484 ¹
130 3458 372 3540 impendendam
393 3477 470 3538 esse,
493 3468 528 3524 ut
543 3461 687 3526 eliciatur
700 3461 846 3544 Aeschyli
860 3461 1029 3540 sententia,
1051 3479 1171 3542 verum,
1194 3465 1231 3526 11
1245 3458 1321 3540 fere,

5 3655 8 3666 Ι
131 3570 398 3652 simplicissimum
421 3569 558 3651 quidque
579 3590 648 3638 esse
668 3573 847 3654 neglectum
869 3573 1015 3638 arbitror.

9 3740 13 3752 .
219 3681 264 3746 Et
285 3681 415 3748 mirifice
437 3683 516 3748 mihi
537 3701 610 3748 cum
631 3683 749 3748 Keckio
770 3684 916 3752 convenit
937 3683 978 3748 de
1002 3683 1075 3762 illis,
1105 3701 1186 3763 quac
1214 3683 1253 3746 dc
1274 3682 1322 3746 in·

0 3881 3 3890 .
132 3794 224 3874 genio
251 3794 399 3876 Aeschyli
425 3794 577 3878 exposrdt.
627 3792 737 3874 Neque
769 3813 828 3876 ego
854 3797 957 3862 rniuus
986 3795 1019 3860 id
1046 3811 1165 3872 moneo,
1199 3811 1322 3875 semper

0 3902 14 3932 ¹
131 3922 280 3986 magnam
301 3911 334 3972 11
355 3906 526 3987 hgeuuam
547 3904 692 3988 Aeschyh
714 3910 862 3972 naturam
883 3907 1027 3988 cognosci
1051 3905 1084 3970 in
1110 3905 1176 3972 cius
1198 3909 1323 3985 tragoe-

0 4017 2 4026 ’
131 4016 194 4082 diis
215 4034 262 4096 cc,
292 4017 558 4098 quemadmodum
584 4017 781 4098 splendescat
808 4019 876 4084 eius
897 4017 1083 4100 magnitudo
1105 4022 1137 4082 11
1158 4016 1322 4097 praeclara

132 4127 253 4194 indoles
276 4128 309 4192 in
330 4129 489 4194 nonnullis
512 4128 589 4194 locis
603 4147 667 4194 non
681 4129 760 4196 adeo
774 4132 938 4214 corruptis,
960 4130 1006 4198 sic
1021 4127 1156 4196 eundem
1171 4127 1320 4208 vigorem,

129 4239 257 4306 eosdem
280 4257 412 4320 magnos
434 4241 564 4322 animos,
587 4241 671 4306 idern
692 4241 853 4321 ingenium
874 4241 994 4324 requiri
1015 4244 1047 4308 in
1069 4238 1189 4306 ceteris.
1235 4237 1323 4303 Nun·

10 4347 16 4376 ²
132 4369 228 4432 quam
249 4351 334 4418 11111
354 4351 493 4418 balbutit
514 4357 547 4418 et
567 4352 795 4436 quodammodo
816 4357 941 4422 tenetur
962 4353 996 4420 iu
1018 4351 1121 4419 verbis
1142 4347 1324 4431 Aeschylus,
