3204 5048
601 352 808 451 wilm

110 555 204 622 valde
225 554 376 637 improbo,
400 555 476 638 quia
497 556 539 622 ad
557 556 660 620 locum
681 555 870 622 adiectivum
891 560 1011 639 βίαιος,
1035 556 1102 624 sive
1123 559 1219 642 βιαία
1240 556 1306 621 sive

109 669 229 748 βιαίως
256 667 413 748 scribitur,
444 685 571 749 prorsus
598 671 708 748 aptum
735 672 784 732 est
805 673 838 733 at
860 668 962 748 magis
985 672 1095 750 aptum
1125 673 1182 748 est,
1209 686 1304 749 quam

109 781 252 862 βέβαιος.
298 777 493 844 Sententiam
515 779 600 844 enim
622 779 706 843 illius
728 779 796 844 loci
804 780 849 844 sic
865 780 1117 860 complectimur:
1140 779 1192 844 dei
1208 779 1305 844 inter-

111 888 187 952 dum
209 887 300 972 (πού,
328 909 423 972 quam
452 890 640 972 particulam
669 891 762 958 multi
789 892 977 973 interpretes
1006 910 1069 956 non
1097 895 1183 956 recte
1210 890 1304 956 intel·

110 999 268 1087 lenerunt)
290 1003 429 1083 pervim
451 1003 501 1068 vel
522 1002 625 1084 potius
648 1003 831 1068 violentiam
852 1001 1030 1069 hominibus
1052 1001 1190 1071 afferunt
1211 1001 1306 1067 bene·

110 1109 191 1176 ficia.
242 1112 347 1191 Quare
369 1113 483 1194 exigua
505 1114 723 1179 emendatione
743 1116 904 1199 μιαίνω-
925 1112 1080 1196 quomodo
1102 1113 1301 1195 Hartungius
1428 1123 1432 1131 '

110 1223 219 1291 scribit
240 1263 283 1272 -
305 1226 535 1304 emendaretur,
562 1227 647 1307 quod
673 1226 744 1291 aliis
771 1226 955 1294 lectionibus
983 1224 1224 1308 praeferendum
1252 1245 1304 1290 ex-

109 1335 225 1416 istimo,
254 1335 300 1400 ita
323 1340 359 1400 ut
381 1337 475 1421 χάρις
502 1341 599 1420 βιαία
626 1342 779 1420 tanquam
807 1335 979 1424 ὂξνμῶρον
1000 1337 1160 1418 quoddam
1179 1336 1302 1402 existat.

111 1444 258 1512 Ceterum
291 1445 329 1513 cf.
359 1448 522 1528 editiones
555 1449 744 1515 Abrensium
775 1449 810 1513 in
838 1450 914 1530 phil.
946 1450 1047 1531 suppl.
1077 1449 1093 1513 I
1121 1451 1303 1528 ala-244,

110 1557 282 1623 Machlium
311 1558 345 1622 in
367 1577 457 1624 novv.
480 1578 554 1624 ann.
578 1559 666 1640 phill.
690 1564 764 1624 tom.
788 1559 882 1640 XCV,
909 1578 960 1642 pg.
976 1565 1059 1641 1431,
1088 1562 1142 1643 qui
1171 1560 1211 1625 de
1233 1577 1305 1640 par-

110 1647 207 1733 ticula
229 1668 297 1734 πού
320 1670 389 1734 sine
411 1689 505 1735 causa
527 1670 662 1736 dubitat.

197 1797 260 1862 Sed
280 1802 479 1864 transeamus
502 1798 612 1876 adea,
635 1815 717 1878 quae
739 1803 928 1880 sequuntur:

267 1907 350 1974 ὅταν
372 1906 403 1974 δ’
426 1906 553 1974 ἀείδειν
576 1908 594 1994 ἢ
616 1910 822 1995 μινύρεσθαι
844 1909 942 1990 δοκῶ,

263 2019 373 2085 ὕπνον
395 2019 466 2087 τόδ’
489 2018 697 2103 ἀντίμολπον
719 2022 883 2105 ἐκτέμνων
903 2019 994 2100 ἄκος,

263 2130 366 2193 κλαίω
387 2129 462 2196 ro'v’-
479 2135 571 2195 οἴκου
593 2131 692 2196 τοῦδε
715 2131 892 2216 συμφορὰν
914 2135 1049 2211 στένων,

268 2235 329 2322 οὐχ
351 2237 395 2316 ὥς
415 2241 457 2305 τὰ
480 2239 608 2329 πρόσθ’
630 2241 751 2328 ἄριστοι
773 2241 1053 2326 δεσποτοομένου.

197 2365 261 2431 Ubi
289 2369 322 2433 in
348 2368 417 2451 eph.
442 2370 488 2434 lit.
513 2370 595 2436 catb.
619 2370 639 2437 l.
662 2389 689 2436 c.
711 2371 896 2454 proponitur
922 2373 1078 2454 scriptura
1112 2367 1148 2438 εὖ
1177 2367 1304 2450 τεύχων

109 2497 165 2560 pro
188 2478 362 2563 ἐκτέμνων,
389 2500 485 2563 quam
507 2482 758 2548 emendationem
779 2502 842 2548 non
864 2483 955 2548 modo
977 2482 1099 2564 falsam,
1129 2483 1184 2549 sed
1207 2483 1303 2547 etiam

107 2592 234 2656 inanem
255 2609 323 2656 esse
344 2593 456 2676 iudico,
480 2594 595 2677 quippe
616 2613 698 2676 quae
718 2599 836 2660 temere
854 2593 1032 2660 uberiorem
1049 2599 1165 2676 poetae
1187 2593 1303 2659 oratio

110 2721 183 2768 nem
205 2704 350 2787 expellat.

196 2835 234 2898 ln
263 2851 308 2896 vs
340 2839 448 2898 autem
480 2835 518 2897 19
545 2829 812 2915 δεσποτοομένοο
839 2833 1050 2898 coniecturam
1079 2833 1122 2900 M.
1151 2815 1304 2898 Schmidti

110 2945 246 3010 libenter
278 2944 447 3025 accipimus
474 2962 531 3026 pro
559 2943 834 3027 διαπονουμένου,
864 2944 952 3008 cuius
980 2963 1089 3010 sensus
1115 2963 1209 3027 aegre
1235 2965 1304 3026 per-

109 3057 250 3137 spicitur,
284 3073 354 3120 cum
383 3056 570 3136 praesertim
599 3055 803 3120 similitudine
838 3055 1012 3137 scripturae
1041 3056 1128 3138 origo
1157 3057 1227 3121 vitii
1253 3055 1301 3120 ia·

113 3168 230 3232 cillime
252 3172 468 3248 cognoscatur.

195 3295 350 3377 Deinceps
373 3296 411 3359 de
434 3313 479 3359 vs.
503 3298 629 3358 ao-at
653 3300 749 3375 atque
770 3314 808 3359 ea
830 3295 962 3375 ratione,
994 3313 1057 3377 qua
1080 3299 1143 3361 νῦν
1164 3295 1201 3361 δέ
1231 3314 1302 3361 con-

7 3407 8 3420 *
112 3407 271 3488 iungenda
294 3407 366 3486 sint,
390 3405 454 3470 iam
476 3409 717 3488 argumentatus
740 3425 819 3472 sum.

7 3687 9 3768 t

197 3535 379 3618 Sequuntur
400 3539 522 3598 autem:

268 3643 293 3710 oi
318 3659 425 3733 χοῖρε,
447 3644 612 3731 λαμπτὴρ,
636 3643 752 3722 νοιπός
773 3641 949 3732 ἡμερήσιον

267 3756 355 3846 φάος
378 3756 582 3846 πιφαύσκων
605 3765 661 3824 καὶ
683 3757 818 3822 πολλῶν
839 3758 1048 3822 κατάστασιν

264 3873 374 3957 χορῶν
396 3870 432 3936 ἔν
449 3868 558 3957 Ἄργει
580 3868 679 3957 τῆσδε
702 3871 876 3956 συμφορᾶς
897 3866 1006 3956 χάριν.

196 4005 301 4070 Unum
337 4008 436 4089 igitur
470 4008 512 4072 ad
539 4007 597 4074 hos
625 4025 735 4074 versus
762 4025 882 4088 moneo,
919 4005 1007 4094 φάος
1035 4001 1212 4092 ἡμερήσιον
1240 4021 1302 4070 non

110 4119 210 4184 solum
233 4118 404 4197 imaginem
425 4137 494 4185 esse
515 4118 649 4199 dicendi,
672 4138 753 4200 quae
773 4138 824 4186 res
842 4118 975 4184 feliciter
997 4116 1153 4202 perlectas
1174 4115 1300 4195 indicet,

110 4230 165 4294 sed
187 4246 226 4292 ex
240 4228 316 4310 ipsis
332 4229 435 4295 verbis
458 4230 716 4312 cognoscendum,
740 4249 821 4313 quae
836 4249 911 4296 sane
926 4230 1078 4312 gaudium
1098 4236 1130 4296 et
1146 4226 1302 4296 laetitiam

109 4339 267 4424 quandam
290 4339 461 4406 continent.
507 4340 553 4408 el.
578 4359 622 4410 vs.
647 4341 889 4425 Agamemnonis
913 4344 986 4412 288.
