3204 5048
605 391 889 494 wilm.

201 599 251 664 At·
266 598 405 664 Keckius
425 597 558 662 lectione
580 600 725 680 στέρνων
748 593 883 662 offensus
905 595 951 662 sic
972 595 1110 678 scripsit:

272 711 291 775 ὅ
312 734 348 774 τε
370 708 432 794 γὰρ
453 707 572 794 νεαρὸς
591 708 709 792 puelle
732 707 836 794 ἐρνῶν

272 821 363 896 ἐντὸς
385 817 545 885 ἀνάσσων
567 820 648 903 [τῶν
669 817 867 906 ἆρτικὸμων]

270 937 471 1019 ἰσοπρέσβυς
492 949 537 1013 sq.

201 1042 304 1120 Quid?
344 1044 491 1122 Keckius,
521 1047 558 1108 ut
586 1061 666 1122 reor,
692 1061 754 1108 non
781 1041 827 1106 ita
854 1035 1108 1108 commutavisset
1135 1041 1247 1118 locum,
1276 1038 1304 1103 si

114 1154 209 1218 verba
231 1154 378 1238 Aeschyli
406 1154 583 1240 accuratius
613 1155 718 1218 animo
748 1154 972 1235 perpendisset.
1017 1152 1129 1218 Nonne
1162 1151 1303 1216 animad-

114 1265 210 1330 vertit
232 1265 377 1346 Keckius,
401 1265 591 1346 Aeschylum
612 1266 716 1345 robur,
739 1266 822 1346 quod
845 1270 939 1330 autea
961 1264 1097 1346 viguerit
1118 1248 1155 1327 in'
1167 1268 1302 1344 pectore,

43 1443 55 1460 f
113 1382 222 1458 postea
245 1377 308 1441 iam
330 1379 458 1459 periisse
481 1378 583 1441 dicere
605 1382 637 1441 et
659 1375 821 1442 frondibus
842 1377 1001 1458 privatum
1022 1376 1109 1442 esse?
1131 1393 1234 1440 nonne
1255 1375 1303 1438 iu-

113 1488 233 1552 tellexit
249 1489 446 1570 Aeschylum,
470 1488 525 1569 qui
548 1487 633 1568 dicit,
657 1488 753 1553 robur
776 1487 945 1553 infantium
966 1488 1113 1563 nondum,
1136 1493 1172 1551 at
1193 1505 1303 1551 senum

112 1616 174 1662 nen
198 1601 330 1680 amphus
352 1601 488 1682 conspici
510 1600 622 1681 posse?
663 1597 736 1663 Non
757 1599 987 1678 animadvertit,
1010 1619 1072 1664 non
1095 1599 1127 1664 id
1149 1598 1303 1664 intellexit

113 1709 258 1774 Keckius.
303 1711 394 1791 Nam,
417 1711 445 1774 si
468 1711 500 1774 id
522 1710 738 1791 intellexisset,
765 1728 827 1774 non
850 1729 901 1776 eos
925 1710 1095 1776 Germanos
1118 1728 1225 1774 versus
1248 1709 1303 1774 ad·

113 1821 295 1902 scripsisset,
320 1840 401 1902 quos
418 1823 545 1903 quidem
568 1822 754 1902 adscripsit:

267 1933 376 2012 „Denn
398 1932 581 2014 iugendlich
603 1933 706 2013 Marh‚
730 1932 773 1997 im
795 1932 1023 1998 schwellendeu
1045 1932 1138 1997 Trieh

267 2044 328 2108 Mit
350 2045 420 2108 dem
442 2045 651 2126 sprossenden
672 2044 763 2109 Lauh
785 2043 1028 2123 autschiessend,
1051 2063 1085 2109 es
1105 2045 1148 2109 ist

269 2154 503 2219 Greisaehnlich
526 2160 594 2237 sq.“

198 2265 365 2329 Amittitur
388 2265 480 2344 euim,
507 2270 544 2330 ut
566 2267 700 2346 videtur,
728 2264 828 2342 ἐντός.
874 2265 923 2329 An
947 2285 1021 2331 vero
1050 2266 1083 2330 id
1112 2265 1303 2332 transfertur

114 2373 277 2440 aKeckio
306 2394 361 2457 per
386 2376 485 2441 istaec
512 2377 576 2458 „im
604 2376 830 2443 schwellenden
852 2378 988 2443 Trieb“?
1016 2379 1108 2460 quasi
1135 2378 1212 2443 haec
1239 2379 1303 2443 vim

113 2487 298 2568 exprimant,
328 2505 410 2568 quae
436 2489 518 2553 inest
548 2489 580 2552 in
604 2487 714 2566 ἐντός]
756 2490 883 2555 Etenim
905 2508 943 2554 ea
965 2491 1131 2570 sententia,
1164 2491 1303 2572 vigorem

112 2595 282 2661 infantium
304 2599 459 2662 occultum
481 2618 549 2664 esse
568 2619 668 2681 neque
683 2602 746 2666 iam
761 2603 949 2684 expeditum,
973 2602 1077 2667 emnia
1092 2602 1300 2667 continentur.

114 2709 200 2790 Ergo
221 2709 321 2774 Kecki
343 2711 518 2792 opinionem
541 2711 713 2777 refutemus
742 2718 866 2794 oportet
888 2718 920 2777 et
942 2713 1056 2780 codicis
1080 2713 1303 2778 auctoritatem

117 2819 361 2900 comprobemus.

199 2930 245 2996 Ut
267 2937 373 2996 autern
395 2931 533 2997 Keckius
555 2932 615 2998 hac
638 2934 677 2998 de
698 2953 733 2998 rc
755 2953 817 3000 non
839 2936 997 3018 perspexit
1019 2935 1216 3016 Aeschylum,
1240 2954 1303 2999 non

114 3042 287 3122 minusca,
316 3061 397 3123 quae
419 3049 602 3127 sequnntur,
630 3045 670 3109 ab
692 3064 729 3110 eo
758 3047 945 3111 conturbata
973 3051 1056 3111 sunt.
1101 3045 1226 3111 Scilicet
1247 3065 1304 3127 pro

111 3152 208 3240 'Appg
229 3151 260 3219 δ’
283 3151 343 3220 οὐκ
365 3156 413 3220 ἔνι
433 3154 535 3242 χώρᾳ.
566 3175 661 3239 quam
683 3157 871 3240 scripturam
893 3159 1007 3224 codicis
1029 3177 1208 3241 perversam
1237 3176 1305 3222 esse

113 3270 247 3346 constat,
271 3268 412 3349 scripsit:
432 3266 528 3353 ’Λρης
550 3265 581 3333 d'
605 3265 663 3333 οὐκ
686 3270 734 3334 ἔνι
756 3269 880 3358 χλωρῷ.

200 3378 243 3442 At
265 3378 419 3459 quomodo
440 3376 560 3442 iactum
582 3385 640 3459 est,
667 3386 704 3445 nt
726 3381 808 3445 idem
831 3381 978 3461 Keckius
1007 3382 1063 3462 qui
1084 3398 1206 3446 summa
1228 3379 1306 3444 assi-

113 3487 236 3552 duitate
257 3488 411 3567 id'curat,
443 3495 479 3553 ut
500 3490 652 3555 concinna
680 3491 722 3556 sit
743 3491 890 3574 Aeschyli
919 3493 1030 3574 oratio,
1058 3491 1205 3557 hocloco
1228 3490 1305 3555 adeo

112 3617 173 3663 nen
196 3601 441 3666 concinnitatem
464 3619 568 3665 rerum
591 3603 796 3668 observaret?
828 3602 917 3680 Quod
932 3603 1015 3667 enim
1033 3603 1169 3685 „pvelle
1185 3607 1306 3684 στείχει

112 3709 275 3795 τρίποδας
303 3708 421 3786 ὁδούς“
451 3713 603 3794 sequitur,
631 3713 727 3777 etiam
755 3719 849 3779 antea
875 3713 1092 3779 infirmitatem
1114 3715 1229 3797 pedum
1251 3715 1306 3778 ad·

111 3820 213 3885 hiberi
243 3821 283 3886 ad
312 3823 551 3888 similitudinem
579 3841 705 3888 necesse
735 3829 783 3888 est
819 3830 914 3906 atque
942 3825 1026 3890 hunc
1055 3825 1088 3889 in
1115 3826 1241 3890 modum
1273 3844 1307 3890 se

112 3932 237 3996 omnino
258 3933 412 3999 invalidos
435 3952 504 3999 csse
526 3940 693 4017 exponunt.
738 3934 866 4000 Etiam
888 3943 1124 4002 antecesserunt
1146 3938 1256 4002 verba:

701 4082 764 4126 „-
786 4044 883 4127 ἰσχύν

269 4154 435 4221 ἰσόπαιδα
456 4161 611 4239 νέμοντες
633 4156 690 4220 ἐπὶ
713 4153 921 4243 σκήπτροις.“

198 4263 302 4341 Quare
323 4266 442 4332 nullam
470 4268 510 4333 ob
532 4285 659 4334 causam
681 4266 850 4332 infantium
880 4267 1000 4335 mentio
1029 4267 1074 4347 fit,
1103 4268 1165 4334 nisi
1193 4275 1230 4334 ut
1260 4287 1306 4350 ee,

111 4393 194 4456 quae
230 4381 472 4460 antecesserant,
509 4379 739 4464 explicarentur
775 4397 876 4463 neque
912 4379 1004 4446 nohis
1036 4397 1133 4446 carue
1166 4378 1307 4462 affertur,
