3204 5048
691 367 711 430 9

601 451 726 466 ΑΛΛΛΛΛ
732 451 806 466 ΝΛΜ

109 570 225 652 piditas
246 573 352 634 tamen
374 567 569 634 liberationis
592 571 712 650 crescit,
735 587 798 652 quo
813 569 915 651 magis
936 565 1014 634 fides
1028 565 1075 632 rei
1089 565 1296 632 imminuitur.

109 680 231 746 Ultima
260 685 395 746 nonest
422 682 497 746 anni
525 698 626 763 neque
654 681 824 747 verisimile
851 685 907 762 est,
941 679 1068 760 signum
1098 677 1297 744 flammarum

109 797 308 874 conspectum
345 791 393 874 iri,
429 793 513 875 quod
543 798 610 858 tam
643 793 698 858 diu
730 792 943 874 nequidquam
975 789 1203 872 requirebatur.
1253 789 1297 853 Et

107 907 212 969 custos
234 903 388 968 desiderio
410 909 582 970 commotus
605 905 735 970 brachia
763 905 866 970 tendit
887 902 928 968 ad
950 886 1080 982 coelum,
1109 901 1200 984 quasi
1228 919 1297 966 ora-

106 1020 197 1080 turus
219 1015 292 1080 deos
315 1019 348 1080 et
369 1015 587 1082 obseraturus:

281 1129 345 1191 νῦν
367 1124 533 1212 δἐὖτοχῆς
554 1123 674 1192 νένοπ’
697 1124 873 1210 ἀπαλλαγὴ
895 1123 1019 1192 πόνων.

195 1235 298 1316 thd?
319 1238 451 1303 Praeter
472 1238 650 1320 opinionem
671 1255 778 1321 preces
800 1238 1018 1317 exaudiuntur,
1035 1237 1098 1300 iam
1115 1233 1298 1300 exoriuntur

105 1347 261 1428 flammae,
284 1354 388 1414 custos
409 1349 532 1414 laetitia
553 1351 684 1430 exultat,
701 1349 834 1420 ¹Troiam
856 1354 982 1432 captam
1003 1366 1071 1414 esse
1093 1345 1202 1428 liquet.

193 1459 283 1537 Quod
312 1458 434 1525 facinus
461 1459 635 1541 perfectum
663 1480 732 1528 esse
760 1461 934 1544 Aeschylus
964 1463 1151 1524 narraturus
1178 1461 1297 1538 quanto

107 1571 233 1651 ingenio
254 1571 301 1635 rei
328 1572 520 1652 gravitatem
548 1573 719 1654 expressit!
747 1577 941 1653 quantopere
968 1569 1130 1636 nocturnis
1157 1566 1296 1634 tenebris

108 1683 207 1746 animi
219 1683 429 1763 spectantium
441 1682 650 1748 intenduntur
661 1688 693 1748 et
707 1687 815 1749 sancto
829 1682 961 1764 quodem
973 1681 1100 1746 horrore
1114 1681 1296 1744 moventur!

108 1798 150 1873 et,
173 1811 244 1857 cum
266 1811 391 1858 servum
413 1793 503 1860 illum
525 1794 558 1857 in
580 1812 707 1861 scenam
728 1793 881 1875 producat
907 1794 1035 1874 eiusque
1064 1790 1224 1857 molestias
1245 1807 1297 1853 ex-

109 1909 216 1986 ponat,
239 1909 433 1986 quantopere
455 1904 488 1968 id
511 1903 617 1986 efficit,
640 1909 677 1970 ut
699 1904 811 1970 Troiae
834 1905 988 1970 excidium
1009 1901 1224 1968 vehementius
1247 1919 1298 1965 ex-

107 2021 291 2096 spectemus,
314 2015 369 2097 qui
391 2033 479 2096 spem
500 2033 538 2080 ac
558 2017 750 2082 desiderium
771 2017 907 2082 bominis
925 2013 1093 2080 miserrimi
1107 2013 1213 2078 animo
1227 2029 1297 2093 pro-

107 2145 286 2208 sequamur.
315 2126 385 2190 Hoc
405 2127 504 2207 igitur
525 2127 914 2209 singularetestimonium
929 2127 1053 2192 videtur
1067 2125 1146 2189 artis
1162 2122 1298 2204 Aeschy-

108 2236 185 2316 leae,
214 2253 277 2318 qua
303 2236 432 2301 Homeri
459 2237 620 2302 excubitor
648 2238 682 2301 in
710 2237 880 2319 primordio
902 2235 1146 2318 Agamemnonis
1174 2252 1298 2316 reprae-

107 2346 295 2411 sentabatur
315 2353 411 2428 atque
432 2347 479 2411 ita
501 2346 719 2431 effingebatur,
742 2354 779 2413 ut
800 2349 841 2414 ad
863 2367 930 2413 rem
952 2347 1081 2414 idoneus
1102 2350 1194 2412 esset.

193 2458 298 2537 Atei,
325 2459 379 2540 qui
408 2457 595 2524 excubitoris
621 2460 796 2526 orationem
820 2465 973 2541 tanquam
1000 2457 1135 2524 bominis
1163 2455 1298 2538 agrestis

109 2569 262 2633 dirimunt
283 2586 384 2651 neque
404 2569 671 2651 magnificentiam
700 2571 794 2636 huius
820 2571 906 2636 initii
937 2571 1142 2654 intellegunt,
1171 2587 1204 2634 se
1234 2583 1297 2633 non

107 2680 209 2745 solum
231 2679 333 2761 ipsum
354 2680 491 2761 initium,
513 2700 622 2747 verum
645 2683 741 2748 etiam
763 2701 833 2748 cum
855 2681 946 2747 initio
973 2685 1074 2747 totam
1101 2679 1297 2762 tragoediam

107 2790 352 2872 Agamemnonis
374 2791 547 2872 infringere
568 2794 698 2858 tandem
719 2793 983 2858 animadvertant.

195 2903 347 2982 Deinceps
376 2902 410 2966 in
437 2902 539 2983 primo
565 2921 658 2969 versu
680 2903 844 2986 'plerisque
872 2903 1026 2986 particula
1053 2905 1115 2985 μέν
1135 2901 1298 2967 offensioni

107 3018 187 3093 erat,
210 3018 320 3094 utpote
342 3013 392 3078 cui
413 3013 536 3077 nullum
559 2995 597 3080 d}
618 3015 830 3096 responderet.
862 3014 974 3095 Itaque
996 3014 1075 3078 mire
1096 3011 1297 3095 interpretati

108 3130 192 3205 sunt,
215 3125 270 3205 qui
291 3125 411 3207 aliquid
434 3125 583 3191 omissum
604 3126 827 3208 suspiciebant,
848 3126 932 3207 quod
953 3125 1001 3189 illi
1022 3127 1085 3208 μέν
1104 3123 1297 3189 contrarium

107 3241 200 3315 esset,
234 3236 320 3300 velut
348 3236 502 3317 Engems,
532 3236 796 3303 Schneidewinus.
846 3235 1024 3301 Wunderus
1039 3239 1169 3314 autem,
1204 3251 1298 3314 quem

106 3347 252 3427 Engerus
273 3345 307 3409 in
328 3346 481 3412 Klauseni
502 3347 640 3415 editione
661 3349 813 3430 sequitur,
835 3365 961 3413 versum
983 3351 1023 3414 20
1046 3349 1109 3412 odo
1130 3342 1298 3429 ὀέὐτοχῆς

107 3463 174 3542 γέν.
197 3475 261 3538 seq.
284 3475 468 3538 responsum
490 3475 559 3524 esse
581 3460 786 3527 demonstrat.

194 3566 277 3646 Quid
306 3586 380 3633 vero
408 3586 486 3650 opus
514 3573 635 3636 osteis
663 3571 812 3637 auxiliis?
862 3568 952 3635 Istud
980 3571 1043 3652 ptr
1075 3583 1298 3650 saepenumero

108 3681 199 3745 initio
225 3681 462 3759 tragoediarum
490 3687 679 3764 usurpatum
710 3683 863 3747 novimus.
915 3681 966 3746 En
987 3697 1095 3746 versus
1123 3679 1243 3760 primus
1265 3677 1298 3740 in

107 3795 246 3856 mentem
267 3791 344 3854 mibi
366 3791 453 3855 venit
474 3791 670 3858 Prumetbei:

262 3901 387 3984 χθονὸς
407 3903 471 3984 μὲν
493 3902 526 3977 ἐς
546 3905 708 3992 τηλουρὸν
729 3905 852 3990 ἥκομεν
873 3903 980 3969 πέδον
1001 3921 1047 3984 sq.

106 4020 176 4079 tum
199 4012 385 4078 Persarum:

139 4163 144 4170 ·
261 4123 342 4188 τάδε
364 4129 427 4208 μὲν
450 4127 592 4210 [lapurdo
611 4129 681 4193 τῶν
703 4129 887 4209 οἰχομένων
908 4143 955 4205 sq.

107 4241 140 4300 et
161 4235 359 4316 Supplicum:

261 4346 343 4422 Ζεὺς
363 4349 427 4429 μὲν
447 4345 599 4434 ἀφίκτωρ
622 4345 735 4414 ἐπίδοι
756 4347 958 4436 προφρόνως
980 4363 1025 4428 sq.
