<?xml version="1.0" encoding="UTF-8"?>
<!DOCTYPE html PUBLIC "-//W3C//DTD XHTML 1.0 Transitional//EN"
    "http://www.w3.org/TR/xhtml1/DTD/xhtml1-transitional.dtd">
<html xmlns="http://www.w3.org/1999/xhtml" xml:lang="en" lang="en">
 <head>
  <title>
</title>
<meta http-equiv="Content-Type" content="text/html;charset=utf-8" />
  <meta name='ocr-system' content='tesseract 3.04.00' />
  <meta name='ocr-capabilities' content='ocr_page ocr_carea ocr_par ocr_line ocrx_word'/>
</head>
<body>
  <div class='ocr_page' id='page_1' title='image "./quaestionumaesc00bormgoog_0021.png"; bbox 0 0 3204 5048; ppageno 0'>
   <div class='ocr_carea' id='block_1_1' title="bbox 893 377 1012 474">
    <p class='ocr_par' dir='ltr' id='par_1_1' title="bbox 893 377 1012 474">
     <span class='ocr_line' id='line_1_1' title="bbox 893 377 1012 474; baseline 0.05 -36"><span class='ocrx_word' id='word_1_1' title='bbox 893 377 1012 474; x_wconf 78' lang='grc' dir='ltr'><strong>ιου</strong></span> 
     </span>
    </p>
   </div>
   <div class='ocr_carea' id='block_1_2' title="bbox 807 458 993 472">
    <p class='ocr_par' dir='ltr' id='par_1_2' title="bbox 807 458 993 472">
     <span class='ocr_line' id='line_1_2' title="bbox 807 458 993 472; baseline 0 0"><span class='ocrx_word' id='word_1_2' title='bbox 807 458 902 472; x_wconf 59' lang='grc' dir='ltr'><strong>ΜΛΔ]</strong></span> <span class='ocrx_word' id='word_1_3' title='bbox 910 461 946 472; x_wconf 59' lang='lat' dir='ltr'><strong>»su</strong></span> <span class='ocrx_word' id='word_1_4' title='bbox 952 461 993 472; x_wconf 54' lang='lat' dir='ltr'><strong>utar</strong></span> 
     </span>
    </p>
   </div>
   <div class='ocr_carea' id='block_1_3' title="bbox 315 577 1507 2556">
    <p class='ocr_par' dir='ltr' id='par_1_3' title="bbox 315 577 1505 996">
     <span class='ocr_line' id='line_1_3' title="bbox 316 577 1505 665; baseline 0 -19"><span class='ocrx_word' id='word_1_5' title='bbox 316 584 449 661; x_wconf 81' lang='lat' dir='ltr'>oportet,</span> <span class='ocrx_word' id='word_1_6' title='bbox 471 577 732 664; x_wconf 86' lang='lat' dir='ltr'><strong>quemadmodum</strong></span> <span class='ocrx_word' id='word_1_7' title='bbox 753 579 850 646; x_wconf 84' lang='lat' dir='ltr'><strong>verba</strong></span> <span class='ocrx_word' id='word_1_8' title='bbox 871 578 969 655; x_wconf 84' lang='grc' dir='ltr'><strong><em>ιννδς</em></strong></span> <span class='ocrx_word' id='word_1_9' title='bbox 990 579 1084 665; x_wconf 68' lang='grc' dir='ltr'><strong><em>δίκην</em></strong></span> <span class='ocrx_word' id='word_1_10' title='bbox 1104 580 1285 660; x_wconf 82' lang='lat' dir='ltr'><strong>exponenda</strong></span> <span class='ocrx_word' id='word_1_11' title='bbox 1307 579 1379 646; x_wconf 91' lang='lat' dir='ltr'><strong>sint.</strong></span> <span class='ocrx_word' id='word_1_12' title='bbox 1413 579 1505 658; x_wconf 81' lang='lat' dir='ltr'><strong>Quod</strong></span> 
     </span>
     <span class='ocr_line' id='line_1_4' title="bbox 316 688 1504 775; baseline 0.001 -19"><span class='ocrx_word' id='word_1_13' title='bbox 316 692 399 756; x_wconf 91' lang='lat' dir='ltr'><strong>enim</strong></span> <span class='ocrx_word' id='word_1_14' title='bbox 424 690 674 774; x_wconf 77' lang='lat' dir='ltr'><strong>Clytaemnestra</strong></span> <span class='ocrx_word' id='word_1_15' title='bbox 703 691 887 757; x_wconf 74' lang='lat' dir='ltr'><strong>invalidi</strong></span> <span class='ocrx_word' id='word_1_16' title='bbox 912 709 945 754; x_wconf 87' lang='lat' dir='ltr'><strong>se</strong></span> <span class='ocrx_word' id='word_1_17' title='bbox 974 691 1075 771; x_wconf 84' lang='lat' dir='ltr'><strong>ipsam</strong></span> <span class='ocrx_word' id='word_1_18' title='bbox 1103 690 1267 775; x_wconf 78' lang='grc' dir='ltr'><em>δωμάτων</em></span> <span class='ocrx_word' id='word_1_19' title='bbox 1294 688 1380 757; x_wconf 77' lang='grc' dir='ltr'><strong><em>τιν’να</em></strong></span> <span class='ocrx_word' id='word_1_20' title='bbox 1409 697 1504 773; x_wconf 88' lang='lat' dir='ltr'><strong>atque</strong></span> 
     </span>
     <span class='ocr_line' id='line_1_5' title="bbox 316 801 1504 886; baseline 0.003 -19"><span class='ocrx_word' id='word_1_21' title='bbox 316 803 551 884; x_wconf 85' lang='lat' dir='ltr'><strong>Agamemnona</strong></span> <span class='ocrx_word' id='word_1_22' title='bbox 573 803 606 867; x_wconf 92' lang='lat' dir='ltr'><strong>in</strong></span> <span class='ocrx_word' id='word_1_23' title='bbox 628 821 672 866; x_wconf 87' lang='lat' dir='ltr'><strong>vs.</strong></span> <span class='ocrx_word' id='word_1_24' title='bbox 697 804 760 868; x_wconf 83' lang='lat'><strong>896</strong></span> <span class='ocrx_word' id='word_1_25' title='bbox 782 805 850 867; x_wconf 79' lang='grc' dir='ltr'><strong><em>τοῖν</em></strong></span> <span class='ocrx_word' id='word_1_26' title='bbox 872 807 1036 886; x_wconf 78' lang='grc' dir='ltr'><strong><em>σταθμῶν</em></strong></span> <span class='ocrx_word' id='word_1_27' title='bbox 1058 801 1143 868; x_wconf 67' lang='lat' dir='ltr'><strong>aava</strong></span> <span class='ocrx_word' id='word_1_28' title='bbox 1164 804 1311 884; x_wconf 89' lang='lat' dir='ltr'><strong>appellat,</strong></span> <span class='ocrx_word' id='word_1_29' title='bbox 1339 822 1402 867; x_wconf 93' lang='lat' dir='ltr'><strong>non</strong></span> <span class='ocrx_word' id='word_1_30' title='bbox 1431 803 1504 870; x_wconf 90' lang='lat' dir='ltr'><strong>huic</strong></span> 
     </span>
     <span class='ocr_line' id='line_1_6' title="bbox 315 895 1502 996; baseline 0 -18"><span class='ocrx_word' id='word_1_31' title='bbox 315 895 382 990; x_wconf 73' lang='lat' dir='ltr'><strong>lo&#39;co</strong></span> <span class='ocrx_word' id='word_1_32' title='bbox 403 915 547 996; x_wconf 82' lang='lat' dir='ltr'><strong>quadrat.</strong></span> <span class='ocrx_word' id='word_1_33' title='bbox 593 912 702 995; x_wconf 88' lang='lat' dir='ltr'><strong>Neque</strong></span> <span class='ocrx_word' id='word_1_34' title='bbox 724 914 825 993; x_wconf 88' lang='lat' dir='ltr'><strong>magis</strong></span> <span class='ocrx_word' id='word_1_35' title='bbox 848 915 976 978; x_wconf 89' lang='lat' dir='ltr'><strong>adrem</strong></span> <span class='ocrx_word' id='word_1_36' title='bbox 1006 920 1100 995; x_wconf 88' lang='lat' dir='ltr'><strong>aptus</strong></span> <span class='ocrx_word' id='word_1_37' title='bbox 1122 917 1170 978; x_wconf 80' lang='lat' dir='ltr'><strong>est</strong></span> <span class='ocrx_word' id='word_1_38' title='bbox 1192 912 1328 996; x_wconf 74' lang='lat' dir='ltr'><strong>Chodph.</strong></span> <span class='ocrx_word' id='word_1_39' title='bbox 1351 933 1396 979; x_wconf 88' lang='lat' dir='ltr'><strong>vs.</strong></span> <span class='ocrx_word' id='word_1_40' title='bbox 1421 919 1502 979; x_wconf 84' lang='lat'>446:</span> 
     </span>
    </p>

    <p class='ocr_par' dir='ltr' id='par_1_4' title="bbox 315 1022 1503 1534">
     <span class='ocr_line' id='line_1_7' title="bbox 468 1022 1267 1112; baseline -0.001 -22"><span class='ocrx_word' id='word_1_41' title='bbox 468 1025 576 1108; x_wconf 80' lang='grc' dir='ltr'><strong><em>μνχοῦ</em></strong></span> <span class='ocrx_word' id='word_1_42' title='bbox 597 1022 629 1088; x_wconf 81' lang='grc' dir='ltr'><strong>δ’</strong></span> <span class='ocrx_word' id='word_1_43' title='bbox 650 1023 816 1112; x_wconf 78' lang='grc' dir='ltr'><strong><em>ἄφερκτος</em></strong></span> <span class='ocrx_word' id='word_1_44' title='bbox 837 1025 1019 1092; x_wconf 71' lang='lat' dir='ltr'><strong>moissiaco</strong></span> <span class='ocrx_word' id='word_1_45' title='bbox 1041 1025 1139 1100; x_wconf 79' lang='grc' dir='ltr'><strong><em>κννδς</em></strong></span> <span class='ocrx_word' id='word_1_46' title='bbox 1160 1025 1267 1102; x_wconf 84' lang='grc' dir='ltr'><strong><em>διίιαν,</em></strong></span> 
     </span>
     <span class='ocr_line' id='line_1_8' title="bbox 315 1135 1503 1218; baseline 0.003 -20"><span class='ocrx_word' id='word_1_47' title='bbox 315 1135 370 1199; x_wconf 90' lang='lat' dir='ltr'><strong>ubi</strong></span> <span class='ocrx_word' id='word_1_48' title='bbox 391 1153 453 1200; x_wconf 91' lang='lat' dir='ltr'><strong>non</strong></span> <span class='ocrx_word' id='word_1_49' title='bbox 474 1135 513 1202; x_wconf 93' lang='lat' dir='ltr'><strong>de</strong></span> <span class='ocrx_word' id='word_1_50' title='bbox 535 1155 612 1201; x_wconf 91' lang='lat' dir='ltr'><strong>cane</strong></span> <span class='ocrx_word' id='word_1_51' title='bbox 634 1137 769 1218; x_wconf 89' lang='lat' dir='ltr'><strong>omnino,</strong></span> <span class='ocrx_word' id='word_1_52' title='bbox 793 1136 848 1202; x_wconf 88' lang='lat' dir='ltr'><strong>sed</strong></span> <span class='ocrx_word' id='word_1_53' title='bbox 871 1137 910 1203; x_wconf 91' lang='lat' dir='ltr'><strong>de</strong></span> <span class='ocrx_word' id='word_1_54' title='bbox 932 1156 1009 1202; x_wconf 86' lang='lat' dir='ltr'><strong>cane</strong></span> <span class='ocrx_word' id='word_1_55' title='bbox 1030 1136 1171 1202; x_wconf 90' lang='lat' dir='ltr'><strong>scabioso</strong></span> <span class='ocrx_word' id='word_1_56' title='bbox 1193 1135 1317 1202; x_wconf 89' lang='lat' dir='ltr'><strong>dicitur.</strong></span> <span class='ocrx_word' id='word_1_57' title='bbox 1350 1135 1394 1200; x_wconf 91' lang='lat' dir='ltr'><strong>At</strong></span> <span class='ocrx_word' id='word_1_58' title='bbox 1416 1137 1503 1202; x_wconf 89' lang='lat' dir='ltr'><strong>uanis</strong></span> 
     </span>
     <span class='ocr_line' id='line_1_9' title="bbox 317 1246 1502 1328; baseline 0.003 -17"><span class='ocrx_word' id='word_1_59' title='bbox 317 1246 555 1312; x_wconf 87' lang='lat' dir='ltr'><strong>similitudinem</strong></span> <span class='ocrx_word' id='word_1_60' title='bbox 576 1265 699 1328; x_wconf 85' lang='lat' dir='ltr'><strong>semper</strong></span> <span class='ocrx_word' id='word_1_61' title='bbox 721 1247 877 1312; x_wconf 86' lang='lat' dir='ltr'><strong>abiectum</strong></span> <span class='ocrx_word' id='word_1_62' title='bbox 899 1247 1056 1328; x_wconf 86' lang='lat' dir='ltr'><strong>quoddam</strong></span> <span class='ocrx_word' id='word_1_63' title='bbox 1070 1247 1187 1312; x_wconf 89' lang='lat' dir='ltr'><strong>habere</strong></span> <span class='ocrx_word' id='word_1_64' title='bbox 1202 1246 1431 1327; x_wconf 88' lang='lat' dir='ltr'><strong>repudiandum</strong></span> <span class='ocrx_word' id='word_1_65' title='bbox 1446 1253 1502 1314; x_wconf 90' lang='lat' dir='ltr'><strong>est.</strong></span> 
     </span>
     <span class='ocr_line' id='line_1_10' title="bbox 316 1356 1503 1440; baseline 0.002 -18"><span class='ocrx_word' id='word_1_66' title='bbox 316 1357 422 1422; x_wconf 89' lang='lat' dir='ltr'><strong>Unmn</strong></span> <span class='ocrx_word' id='word_1_67' title='bbox 449 1357 583 1440; x_wconf 93' lang='lat' dir='ltr'><strong>denique</strong></span> <span class='ocrx_word' id='word_1_68' title='bbox 612 1359 789 1440; x_wconf 83' lang='lat' dir='ltr'><strong>exemplum</strong></span> <span class='ocrx_word' id='word_1_69' title='bbox 818 1363 920 1425; x_wconf 82' lang='lat' dir='ltr'><strong>exstat</strong></span> <span class='ocrx_word' id='word_1_70' title='bbox 947 1359 1086 1426; x_wconf 88' lang='lat' dir='ltr'><strong>eiusdem</strong></span> <span class='ocrx_word' id='word_1_71' title='bbox 1117 1356 1331 1424; x_wconf 82' lang='lat' dir='ltr'><strong>similitudinis</strong></span> <span class='ocrx_word' id='word_1_72' title='bbox 1357 1357 1390 1421; x_wconf 93' lang='lat' dir='ltr'><strong>in</strong></span> <span class='ocrx_word' id='word_1_73' title='bbox 1421 1358 1503 1440; x_wconf 89' lang='lat' dir='ltr'><strong>Aga·</strong></span> 
     </span>
     <span class='ocr_line' id='line_1_11' title="bbox 316 1450 977 1534; baseline 0 0"><span class='ocrx_word' id='word_1_74' title='bbox 316 1469 489 1534; x_wconf 87' lang='lat' dir='ltr'><strong>memnonis</strong></span> <span class='ocrx_word' id='word_1_75' title='bbox 511 1488 555 1534; x_wconf 85' lang='lat' dir='ltr'><strong>vs.</strong></span> <span class='ocrx_word' id='word_1_76' title='bbox 582 1474 681 1534; x_wconf 84' lang='lat'>1094:</span> <span class='ocrx_word' id='word_1_77' title='bbox 973 1450 977 1460; x_wconf 71' lang='grc'><strong>’</strong></span> 
     </span>
    </p>

    <p class='ocr_par' dir='ltr' id='par_1_5' title="bbox 474 1576 1064 1668">
     <span class='ocr_line' id='line_1_12' title="bbox 474 1576 1064 1668; baseline 0.003 -23"><span class='ocrx_word' id='word_1_78' title='bbox 474 1581 579 1645; x_wconf 80' lang='grc' dir='ltr'><strong><em>ἔοικεν</em></strong></span> <span class='ocrx_word' id='word_1_79' title='bbox 601 1576 689 1668; x_wconf 79' lang='grc' dir='ltr'><strong><em>εὔρις</em></strong></span> <span class='ocrx_word' id='word_1_80' title='bbox 711 1578 730 1666; x_wconf 83' lang='grc' dir='ltr'><em>ἧ</em></span> <span class='ocrx_word' id='word_1_81' title='bbox 752 1585 828 1666; x_wconf 82' lang='grc' dir='ltr'><strong><em>ξένη</em></strong></span> <span class='ocrx_word' id='word_1_82' title='bbox 850 1579 947 1657; x_wconf 81' lang='grc' dir='ltr'><strong><em>κονδς</em></strong></span> <span class='ocrx_word' id='word_1_83' title='bbox 968 1581 1064 1666; x_wconf 79' lang='grc' dir='ltr'><strong><em>δίκην</em></strong></span> 
     </span>
    </p>

    <p class='ocr_par' dir='ltr' id='par_1_6' title="bbox 315 1686 1502 1993">
     <span class='ocr_line' id='line_1_13' title="bbox 471 1686 625 1774; baseline 0 -18"><span class='ocrx_word' id='word_1_84' title='bbox 471 1686 558 1757; x_wconf 81' lang='grc' dir='ltr'><strong><em>εἶναι</em></strong></span> <span class='ocrx_word' id='word_1_85' title='bbox 579 1711 625 1774; x_wconf 88' lang='lat' dir='ltr'><strong>sq.</strong></span> 
     </span>
     <span class='ocr_line' id='line_1_14' title="bbox 315 1801 1502 1885; baseline 0 -20"><span class='ocrx_word' id='word_1_86' title='bbox 315 1820 377 1883; x_wconf 89' lang='lat' dir='ltr'><strong>qno</strong></span> <span class='ocrx_word' id='word_1_87' title='bbox 403 1801 471 1867; x_wconf 88' lang='lat' dir='ltr'><strong>loco</strong></span> <span class='ocrx_word' id='word_1_88' title='bbox 497 1802 647 1882; x_wconf 86' lang='lat' dir='ltr'><strong>uidemus,</strong></span> <span class='ocrx_word' id='word_1_89' title='bbox 676 1803 835 1884; x_wconf 88' lang='lat' dir='ltr'><strong>propriam</strong></span> <span class='ocrx_word' id='word_1_90' title='bbox 865 1803 1004 1885; x_wconf 88' lang='lat' dir='ltr'><strong>aliquam</strong></span> <span class='ocrx_word' id='word_1_91' title='bbox 1031 1803 1119 1870; x_wconf 90' lang='lat' dir='ltr'><strong>canis</strong></span> <span class='ocrx_word' id='word_1_92' title='bbox 1145 1803 1295 1868; x_wconf 83' lang='lat' dir='ltr'><strong>virtutem</strong></span> <span class='ocrx_word' id='word_1_93' title='bbox 1327 1801 1502 1866; x_wconf 88' lang='lat' dir='ltr'><strong>adhibitam</strong></span> 
     </span>
     <span class='ocr_line' id='line_1_15' title="bbox 317 1913 743 1993; baseline 0.005 -17"><span class='ocrx_word' id='word_1_94' title='bbox 317 1930 384 1977; x_wconf 89' lang='lat' dir='ltr'><strong>essa</strong></span> <span class='ocrx_word' id='word_1_95' title='bbox 405 1913 447 1978; x_wconf 92' lang='lat' dir='ltr'><strong>ad</strong></span> <span class='ocrx_word' id='word_1_96' title='bbox 468 1915 743 1993; x_wconf 86' lang='lat' dir='ltr'><strong>comparationem.</strong></span> 
     </span>
    </p>

    <p class='ocr_par' dir='ltr' id='par_1_7' title="bbox 315 2023 1507 2556">
     <span class='ocr_line' id='line_1_16' title="bbox 401 2023 1501 2110; baseline 0 -23"><span class='ocrx_word' id='word_1_97' title='bbox 401 2024 506 2105; x_wconf 82' lang='lat' dir='ltr'><strong>Atque</strong></span> <span class='ocrx_word' id='word_1_98' title='bbox 527 2024 611 2089; x_wconf 88' lang='lat' dir='ltr'><strong>istud</strong></span> <span class='ocrx_word' id='word_1_99' title='bbox 634 2023 737 2110; x_wconf 69' lang='grc' dir='ltr'><strong><em>δίκην,</em></strong></span> <span class='ocrx_word' id='word_1_100' title='bbox 761 2023 844 2106; x_wconf 93' lang='lat' dir='ltr'><strong>quod</strong></span> <span class='ocrx_word' id='word_1_101' title='bbox 864 2024 1079 2089; x_wconf 84' lang='lat' dir='ltr'><strong>similitudinis</strong></span> <span class='ocrx_word' id='word_1_102' title='bbox 1106 2043 1201 2090; x_wconf 89' lang='lat' dir='ltr'><strong>causa</strong></span> <span class='ocrx_word' id='word_1_103' title='bbox 1231 2029 1410 2105; x_wconf 82' lang='lat' dir='ltr'><strong>usurpatur,</strong></span> <span class='ocrx_word' id='word_1_104' title='bbox 1439 2041 1501 2088; x_wconf 92' lang='lat' dir='ltr'><strong>non</strong></span> 
     </span>
     <span class='ocr_line' id='line_1_17' title="bbox 316 2134 1502 2218; baseline -0.002 -18"><span class='ocrx_word' id='word_1_105' title='bbox 316 2135 416 2200; x_wconf 87' lang='lat' dir='ltr'><strong>solum</strong></span> <span class='ocrx_word' id='word_1_106' title='bbox 438 2153 587 2218; x_wconf 90' lang='lat' dir='ltr'><strong>persaepe</strong></span> <span class='ocrx_word' id='word_1_107' title='bbox 608 2141 712 2201; x_wconf 89' lang='lat' dir='ltr'><strong>exstat</strong></span> <span class='ocrx_word' id='word_1_108' title='bbox 734 2135 1037 2218; x_wconf 54' lang='lat' dir='ltr'><strong>apud‘Aeschylum</strong></span> <span class='ocrx_word' id='word_1_109' title='bbox 1066 2155 1175 2201; x_wconf 92' lang='lat' dir='ltr'><strong>verum</strong></span> <span class='ocrx_word' id='word_1_110' title='bbox 1204 2137 1301 2201; x_wconf 89' lang='lat' dir='ltr'><strong>etiam</strong></span> <span class='ocrx_word' id='word_1_111' title='bbox 1322 2134 1407 2200; x_wconf 90' lang='lat' dir='ltr'><strong>haud</strong></span> <span class='ocrx_word' id='word_1_112' title='bbox 1429 2153 1502 2199; x_wconf 90' lang='lat' dir='ltr'><strong>raro</strong></span> 
     </span>
     <span class='ocr_line' id='line_1_18' title="bbox 315 2243 1501 2332; baseline 0.001 -23"><span class='ocrx_word' id='word_1_113' title='bbox 315 2243 428 2310; x_wconf 90' lang='lat' dir='ltr'><strong>beluae</strong></span> <span class='ocrx_word' id='word_1_114' title='bbox 449 2247 583 2313; x_wconf 89' lang='lat' dir='ltr'><strong>alieuius</strong></span> <span class='ocrx_word' id='word_1_115' title='bbox 604 2248 842 2312; x_wconf 90' lang='lat' dir='ltr'><strong>similitudinem</strong></span> <span class='ocrx_word' id='word_1_116' title='bbox 864 2248 1012 2314; x_wconf 87' lang='lat' dir='ltr'><strong>illustrat.</strong></span> <span class='ocrx_word' id='word_1_117' title='bbox 1052 2248 1148 2313; x_wconf 90' lang='lat' dir='ltr'><strong>Velut</strong></span> <span class='ocrx_word' id='word_1_118' title='bbox 1170 2247 1269 2314; x_wconf 80' lang='grc' dir='ltr'><strong><em>δίναν</em></strong></span> <span class='ocrx_word' id='word_1_119' title='bbox 1290 2251 1447 2332; x_wconf 78' lang='grc' dir='ltr'><strong><em>χιμαίρας</em></strong></span> <span class='ocrx_word' id='word_1_120' title='bbox 1469 2247 1501 2311; x_wconf 95' lang='lat' dir='ltr'><strong>in</strong></span> 
     </span>
     <span class='ocr_line' id='line_1_19' title="bbox 316 2357 1500 2442; baseline 0.001 -21"><span class='ocrx_word' id='word_1_121' title='bbox 316 2374 384 2422; x_wconf 83' lang='lat' dir='ltr'><strong>vsu.</strong></span> <span class='ocrx_word' id='word_1_122' title='bbox 415 2358 474 2438; x_wconf 86' lang='lat' dir='ltr'><strong>Ag.</strong></span> <span class='ocrx_word' id='word_1_123' title='bbox 503 2362 575 2437; x_wconf 81' lang='lat'><strong>232,</strong></span> <span class='ocrx_word' id='word_1_124' title='bbox 605 2358 771 2439; x_wconf 79' lang='grc' dir='ltr'><strong><em>χελιδόνος</em></strong></span> <span class='ocrx_word' id='word_1_125' title='bbox 797 2358 895 2423; x_wconf 78' lang='grc' dir='ltr'><strong><em>δίκαν</em></strong></span> <span class='ocrx_word' id='word_1_126' title='bbox 921 2360 954 2423; x_wconf 86' lang='lat' dir='ltr'><strong>in</strong></span> <span class='ocrx_word' id='word_1_127' title='bbox 981 2378 1047 2424; x_wconf 82' lang='lat' dir='ltr'><strong>vsu.</strong></span> <span class='ocrx_word' id='word_1_128' title='bbox 1080 2363 1171 2438; x_wconf 83' lang='lat'><strong>1050,</strong></span> <span class='ocrx_word' id='word_1_129' title='bbox 1201 2357 1320 2424; x_wconf 78' lang='grc' dir='ltr'><strong><em>κύκνον</em></strong></span> <span class='ocrx_word' id='word_1_130' title='bbox 1348 2358 1442 2442; x_wconf 75' lang='grc' dir='ltr'><strong><em>δίκην</em></strong></span> <span class='ocrx_word' id='word_1_131' title='bbox 1469 2358 1500 2422; x_wconf 89' lang='lat' dir='ltr'><strong>in</strong></span> 
     </span>
     <span class='ocr_line' id='line_1_20' title="bbox 318 2469 1507 2556; baseline 0.003 -25"><span class='ocrx_word' id='word_1_132' title='bbox 318 2486 385 2533; x_wconf 77' lang='lat' dir='ltr'><strong>vsu,</strong></span> <span class='ocrx_word' id='word_1_133' title='bbox 413 2472 505 2547; x_wconf 84' lang='lat'>1444,</span> <span class='ocrx_word' id='word_1_134' title='bbox 528 2469 670 2556; x_wconf 78' lang='grc' dir='ltr'><strong><em>κόρακος</em></strong></span> <span class='ocrx_word' id='word_1_135' title='bbox 692 2469 791 2534; x_wconf 84' lang='grc' dir='ltr'><strong><em>δίκαν</em></strong></span> <span class='ocrx_word' id='word_1_136' title='bbox 813 2469 845 2534; x_wconf 91' lang='lat' dir='ltr'><strong>in</strong></span> <span class='ocrx_word' id='word_1_137' title='bbox 867 2487 934 2534; x_wconf 88' lang='lat' dir='ltr'><strong>vsu.</strong></span> <span class='ocrx_word' id='word_1_138' title='bbox 961 2472 1053 2548; x_wconf 83' lang='lat'><strong>1473,</strong></span> <span class='ocrx_word' id='word_1_139' title='bbox 1082 2469 1195 2533; x_wconf 84' lang='lat' dir='ltr'><strong>deinde</strong></span> <span class='ocrx_word' id='word_1_140' title='bbox 1216 2472 1337 2556; x_wconf 79' lang='grc' dir='ltr'><strong><em>νεβροῦ</em></strong></span> <span class='ocrx_word' id='word_1_141' title='bbox 1360 2470 1454 2556; x_wconf 79' lang='grc' dir='ltr'><strong><em>δίκην</em></strong></span> <span class='ocrx_word' id='word_1_142' title='bbox 1476 2474 1507 2534; x_wconf 85' lang='lat' dir='ltr'><strong>et</strong></span> 
     </span>
    </p>
   </div>
   <div class='ocr_carea' id='block_1_4' title="bbox 319 2555 1580 2664">
    <p class='ocr_par' dir='ltr' id='par_1_8' title="bbox 319 2555 1580 2664">
     <span class='ocr_line' id='line_1_21' title="bbox 319 2555 1580 2664; baseline -0.004 -20"><span class='ocrx_word' id='word_1_143' title='bbox 319 2577 408 2660; x_wconf 78' lang='grc' dir='ltr'><strong><em>λανδ</em></strong></span> <span class='ocrx_word' id='word_1_144' title='bbox 431 2579 527 2664; x_wconf 82' lang='grc' dir='ltr'><strong><em>δίκην</em></strong></span> <span class='ocrx_word' id='word_1_145' title='bbox 548 2581 580 2646; x_wconf 92' lang='lat' dir='ltr'><strong>in</strong></span> <span class='ocrx_word' id='word_1_146' title='bbox 595 2580 736 2646; x_wconf 90' lang='lat' dir='ltr'><strong>versibus</strong></span> <span class='ocrx_word' id='word_1_147' title='bbox 750 2581 959 2646; x_wconf 85' lang='lat' dir='ltr'><strong>Eumenidum</strong></span> <span class='ocrx_word' id='word_1_148' title='bbox 974 2584 1024 2646; x_wconf 81' lang='lat'><strong>26.</strong></span> <span class='ocrx_word' id='word_1_149' title='bbox 1041 2585 1073 2644; x_wconf 91' lang='lat' dir='ltr'><strong>et</strong></span> <span class='ocrx_word' id='word_1_150' title='bbox 1093 2585 1163 2661; x_wconf 87' lang='lat'><strong>111,</strong></span> <span class='ocrx_word' id='word_1_151' title='bbox 1185 2585 1377 2662; x_wconf 88' lang='lat' dir='ltr'><strong>postremum</strong></span> <span class='ocrx_word' id='word_1_152' title='bbox 1391 2579 1503 2662; x_wconf 89' lang='lat' dir='ltr'><strong>fragm.</strong></span> <span class='ocrx_word' id='word_1_153' title='bbox 1579 2555 1580 2618; x_wconf 61' lang='grc' dir='ltr'>ἶ</span> 
     </span>
    </p>
   </div>
   <div class='ocr_carea' id='block_1_5' title="bbox 317 2690 1505 2886">
    <p class='ocr_par' dir='ltr' id='par_1_9' title="bbox 317 2690 1505 2886">
     <span class='ocr_line' id='line_1_22' title="bbox 318 2690 1505 2778; baseline 0.001 -23"><span class='ocrx_word' id='word_1_154' title='bbox 318 2693 377 2755; x_wconf 86' lang='grc'><strong>301</strong></span> <span class='ocrx_word' id='word_1_155' title='bbox 410 2693 520 2757; x_wconf 74' lang='grc' dir='ltr'><strong><em>θύτου</em></strong></span> <span class='ocrx_word' id='word_1_156' title='bbox 549 2692 643 2778; x_wconf 81' lang='grc' dir='ltr'><strong><em>δίκην</em></strong></span> <span class='ocrx_word' id='word_1_157' title='bbox 677 2693 738 2776; x_wconf 91' lang='lat' dir='ltr'><strong>(ed.</strong></span> <span class='ocrx_word' id='word_1_158' title='bbox 767 2690 951 2770; x_wconf 76' lang='lat' dir='ltr'><strong>Nauckius).</strong></span> <span class='ocrx_word' id='word_1_159' title='bbox 1004 2691 1213 2773; x_wconf 90' lang='lat' dir='ltr'><strong>Adiungimus</strong></span> <span class='ocrx_word' id='word_1_160' title='bbox 1246 2697 1362 2771; x_wconf 89' lang='lat' dir='ltr'><strong>autem,</strong></span> <span class='ocrx_word' id='word_1_161' title='bbox 1396 2693 1505 2773; x_wconf 86' lang='lat' dir='ltr'><strong>quovis</strong></span> 
     </span>
     <span class='ocr_line' id='line_1_23' title="bbox 317 2802 1505 2886; baseline 0.001 -20"><span class='ocrx_word' id='word_1_162' title='bbox 317 2802 429 2868; x_wconf 91' lang='lat' dir='ltr'><strong>horum</strong></span> <span class='ocrx_word' id='word_1_163' title='bbox 450 2803 590 2869; x_wconf 90' lang='lat' dir='ltr'><strong>similum</strong></span> <span class='ocrx_word' id='word_1_164' title='bbox 612 2823 672 2885; x_wconf 88' lang='lat' dir='ltr'><strong>eos,</strong></span> <span class='ocrx_word' id='word_1_165' title='bbox 696 2804 751 2886; x_wconf 91' lang='lat' dir='ltr'><strong>qni</strong></span> <span class='ocrx_word' id='word_1_166' title='bbox 772 2809 1002 2884; x_wconf 80' lang='lat' dir='ltr'><strong>comparantur,</strong></span> <span class='ocrx_word' id='word_1_167' title='bbox 1025 2803 1071 2868; x_wconf 87' lang='lat' dir='ltr'><strong>ita</strong></span> <span class='ocrx_word' id='word_1_168' title='bbox 1093 2803 1265 2885; x_wconf 88' lang='lat' dir='ltr'><strong>descriptos</strong></span> <span class='ocrx_word' id='word_1_169' title='bbox 1292 2821 1370 2882; x_wconf 87' lang='lat' dir='ltr'><strong>esse,</strong></span> <span class='ocrx_word' id='word_1_170' title='bbox 1399 2807 1435 2867; x_wconf 92' lang='lat' dir='ltr'><strong>ut</strong></span> <span class='ocrx_word' id='word_1_171' title='bbox 1456 2803 1505 2868; x_wconf 87' lang='lat' dir='ltr'><strong>vel</strong></span> 
     </span>
    </p>
   </div>
   <div class='ocr_carea' id='block_1_6' title="bbox 213 2913 1504 2997">
    <p class='ocr_par' dir='ltr' id='par_1_10' title="bbox 213 2913 1504 2997">
     <span class='ocr_line' id='line_1_24' title="bbox 213 2913 1504 2997; baseline 0 -20"><span class='ocrx_word' id='word_1_172' title='bbox 213 2947 216 2956; x_wconf 76' lang='lat'><strong>,</strong></span> <span class='ocrx_word' id='word_1_173' title='bbox 318 2914 413 2978; x_wconf 88' lang='lat' dir='ltr'><strong>verbo</strong></span> <span class='ocrx_word' id='word_1_174' title='bbox 427 2913 516 2978; x_wconf 90' lang='lat' dir='ltr'><strong>finito</strong></span> <span class='ocrx_word' id='word_1_175' title='bbox 533 2916 583 2980; x_wconf 88' lang='lat' dir='ltr'><strong>vel</strong></span> <span class='ocrx_word' id='word_1_176' title='bbox 595 2915 760 2997; x_wconf 87' lang='lat' dir='ltr'><strong>participio</strong></span> <span class='ocrx_word' id='word_1_177' title='bbox 777 2916 882 2996; x_wconf 87' lang='lat' dir='ltr'><strong>aliquo</strong></span> <span class='ocrx_word' id='word_1_178' title='bbox 894 2915 1068 2981; x_wconf 88' lang='lat' dir='ltr'><strong>similitudo</strong></span> <span class='ocrx_word' id='word_1_179' title='bbox 1081 2915 1207 2996; x_wconf 88' lang='lat' dir='ltr'><strong>planius</strong></span> <span class='ocrx_word' id='word_1_180' title='bbox 1220 2914 1413 2997; x_wconf 90' lang='lat' dir='ltr'><strong>significetur</strong></span> <span class='ocrx_word' id='word_1_181' title='bbox 1428 2919 1460 2979; x_wconf 87' lang='lat' dir='ltr'><strong>et</strong></span> <span class='ocrx_word' id='word_1_182' title='bbox 1472 2913 1504 2977; x_wconf 91' lang='lat' dir='ltr'><strong>in</strong></span> 
     </span>
    </p>
   </div>
   <div class='ocr_carea' id='block_1_7' title="bbox 318 3024 1505 3779">
    <p class='ocr_par' dir='ltr' id='par_1_11' title="bbox 318 3024 1505 3779">
     <span class='ocr_line' id='line_1_25' title="bbox 318 3024 1503 3107; baseline -0.001 -18"><span class='ocrx_word' id='word_1_183' title='bbox 318 3024 386 3106; x_wconf 91' lang='lat' dir='ltr'><strong>ipsa</strong></span> <span class='ocrx_word' id='word_1_184' title='bbox 408 3026 564 3093; x_wconf 84' lang='lat' dir='ltr'><strong>sententia</strong></span> <span class='ocrx_word' id='word_1_185' title='bbox 582 3027 666 3105; x_wconf 85' lang='lat' dir='ltr'><strong>insit,</strong></span> <span class='ocrx_word' id='word_1_186' title='bbox 685 3045 766 3107; x_wconf 89' lang='lat' dir='ltr'><strong>quae</strong></span> <span class='ocrx_word' id='word_1_187' title='bbox 785 3027 960 3107; x_wconf 85' lang='lat' dir='ltr'><strong>exponitur,</strong></span> <span class='ocrx_word' id='word_1_188' title='bbox 983 3045 1040 3091; x_wconf 91' lang='lat' dir='ltr'><strong>nac</strong></span> <span class='ocrx_word' id='word_1_189' title='bbox 1057 3044 1131 3091; x_wconf 81' lang='lat' dir='ltr'><strong>uero</strong></span> <span class='ocrx_word' id='word_1_190' title='bbox 1146 3027 1179 3090; x_wconf 92' lang='lat' dir='ltr'><strong>in</strong></span> <span class='ocrx_word' id='word_1_191' title='bbox 1197 3026 1377 3090; x_wconf 89' lang='lat' dir='ltr'><strong>universum</strong></span> <span class='ocrx_word' id='word_1_192' title='bbox 1390 3025 1503 3089; x_wconf 89' lang='lat' dir='ltr'><strong>valeat.</strong></span> 
     </span>
     <span class='ocr_line' id='line_1_26' title="bbox 403 3136 1505 3221; baseline 0 -21"><span class='ocrx_word' id='word_1_193' title='bbox 403 3136 447 3201; x_wconf 84' lang='lat' dir='ltr'><strong>Et</strong></span> <span class='ocrx_word' id='word_1_194' title='bbox 468 3136 636 3202; x_wconf 89' lang='lat' dir='ltr'><strong>scholiasta</strong></span> <span class='ocrx_word' id='word_1_195' title='bbox 659 3138 691 3200; x_wconf 92' lang='lat' dir='ltr'><strong>in</strong></span> <span class='ocrx_word' id='word_1_196' title='bbox 713 3156 757 3204; x_wconf 89' lang='lat' dir='ltr'><strong>vs.</strong></span> <span class='ocrx_word' id='word_1_197' title='bbox 783 3139 801 3200; x_wconf 88' lang='lat'><strong>3</strong></span> <span class='ocrx_word' id='word_1_198' title='bbox 825 3136 1067 3216; x_wconf 80' lang='lat' dir='ltr'><strong>Agamemnonis</strong></span> <span class='ocrx_word' id='word_1_199' title='bbox 1090 3137 1130 3202; x_wconf 91' lang='lat' dir='ltr'><strong>ad</strong></span> <span class='ocrx_word' id='word_1_200' title='bbox 1152 3137 1249 3212; x_wconf 84' lang='grc' dir='ltr'><strong><em>νυνδς</em></strong></span> <span class='ocrx_word' id='word_1_201' title='bbox 1271 3136 1365 3221; x_wconf 78' lang='grc' dir='ltr'><strong><em>δίκην</em></strong></span> <span class='ocrx_word' id='word_1_202' title='bbox 1391 3137 1505 3202; x_wconf 85' lang='lat' dir='ltr'><strong>haecce</strong></span> 
     </span>
     <span class='ocr_line' id='line_1_27' title="bbox 318 3245 1504 3335; baseline 0.002 -25"><span class='ocrx_word' id='word_1_203' title='bbox 318 3247 500 3329; x_wconf 82' lang='lat' dir='ltr'><strong>adscripsit:</strong></span> <span class='ocrx_word' id='word_1_204' title='bbox 528 3247 612 3335; x_wconf 84' lang='grc' dir='ltr'><strong><em>πρὸς</em></strong></span> <span class='ocrx_word' id='word_1_205' title='bbox 637 3246 675 3316; x_wconf 78' lang='lat' dir='ltr'><strong>cd</strong></span> <span class='ocrx_word' id='word_1_206' title='bbox 705 3245 907 3334; x_wconf 66' lang='lat' dir='ltr'><strong>oudenarde</strong></span> <span class='ocrx_word' id='word_1_207' title='bbox 929 3256 985 3312; x_wconf 77' lang='grc' dir='ltr'><strong><em>ναὶ</em></strong></span> <span class='ocrx_word' id='word_1_208' title='bbox 1013 3246 1269 3334; x_wconf 80' lang='grc' dir='ltr'><strong><em>φιλοδέσποτον.</em></strong></span> <span class='ocrx_word' id='word_1_209' title='bbox 1315 3248 1418 3326; x_wconf 83' lang='lat' dir='ltr'><strong>Quam</strong></span> <span class='ocrx_word' id='word_1_210' title='bbox 1440 3247 1504 3330; x_wconf 90' lang='lat' dir='ltr'><strong>opi-</strong></span> 
     </span>
     <span class='ocr_line' id='line_1_28' title="bbox 319 3359 829 3441; baseline 0.008 -19"><span class='ocrx_word' id='word_1_211' title='bbox 319 3359 444 3423; x_wconf 90' lang='lat' dir='ltr'><strong>nionem</strong></span> <span class='ocrx_word' id='word_1_212' title='bbox 467 3360 592 3425; x_wconf 94' lang='lat' dir='ltr'><strong>omnino</strong></span> <span class='ocrx_word' id='word_1_213' title='bbox 614 3360 829 3441; x_wconf 86' lang='lat' dir='ltr'><strong>comprobabo.</strong></span> 
     </span>
     <span class='ocr_line' id='line_1_29' title="bbox 403 3469 1504 3556; baseline -0.002 -22"><span class='ocrx_word' id='word_1_214' title='bbox 403 3469 450 3534; x_wconf 89' lang='lat' dir='ltr'><strong>Ut</strong></span> <span class='ocrx_word' id='word_1_215' title='bbox 471 3471 555 3535; x_wconf 92' lang='lat' dir='ltr'><strong>enim</strong></span> <span class='ocrx_word' id='word_1_216' title='bbox 577 3470 674 3546; x_wconf 83' lang='grc' dir='ltr'><strong><em>ιυνδς</em></strong></span> <span class='ocrx_word' id='word_1_217' title='bbox 695 3470 789 3556; x_wconf 76' lang='grc' dir='ltr'><strong><em>δίκην</em></strong></span> <span class='ocrx_word' id='word_1_218' title='bbox 814 3489 885 3535; x_wconf 90' lang='lat' dir='ltr'><strong>cum</strong></span> <span class='ocrx_word' id='word_1_219' title='bbox 913 3471 1026 3535; x_wconf 85' lang='lat' dir='ltr'><strong>ceteris</strong></span> <span class='ocrx_word' id='word_1_220' title='bbox 1052 3471 1287 3552; x_wconf 85' lang='lat' dir='ltr'><strong>coniungamus,</strong></span> <span class='ocrx_word' id='word_1_221' title='bbox 1318 3469 1350 3534; x_wconf 93' lang='lat' dir='ltr'><strong>id</strong></span> <span class='ocrx_word' id='word_1_222' title='bbox 1378 3469 1504 3547; x_wconf 89' lang='lat' dir='ltr'><strong>dicitur,</strong></span> 
     </span>
     <span class='ocr_line' id='line_1_30' title="bbox 318 3581 1504 3663; baseline -0.003 -17"><span class='ocrx_word' id='word_1_223' title='bbox 318 3581 478 3646; x_wconf 89' lang='lat' dir='ltr'><strong>custodem</strong></span> <span class='ocrx_word' id='word_1_224' title='bbox 499 3582 602 3648; x_wconf 88' lang='lat' dir='ltr'><strong>iacere</strong></span> <span class='ocrx_word' id='word_1_225' title='bbox 623 3582 776 3663; x_wconf 89' lang='lat' dir='ltr'><strong>vigilandi</strong></span> <span class='ocrx_word' id='word_1_226' title='bbox 796 3601 891 3648; x_wconf 87' lang='lat' dir='ltr'><strong>causa</strong></span> <span class='ocrx_word' id='word_1_227' title='bbox 913 3582 946 3647; x_wconf 94' lang='lat' dir='ltr'><strong>in</strong></span> <span class='ocrx_word' id='word_1_228' title='bbox 968 3582 1060 3647; x_wconf 86' lang='lat' dir='ltr'><strong>tectis</strong></span> <span class='ocrx_word' id='word_1_229' title='bbox 1073 3581 1314 3662; x_wconf 86' lang='lat' dir='ltr'><strong>Agamemnonis</strong></span> <span class='ocrx_word' id='word_1_230' title='bbox 1335 3586 1372 3644; x_wconf 90' lang='lat' dir='ltr'><strong>ut</strong></span> <span class='ocrx_word' id='word_1_231' title='bbox 1394 3598 1504 3644; x_wconf 88' lang='lat' dir='ltr'><strong>cauam</strong></span> 
     </span>
     <span class='ocr_line' id='line_1_31' title="bbox 318 3690 1505 3779; baseline -0.002 -24"><span class='ocrx_word' id='word_1_232' title='bbox 318 3691 488 3779; x_wconf 74' lang='grc' dir='ltr'><strong><em>(φρουρὰν</em></strong></span> <span class='ocrx_word' id='word_1_233' title='bbox 508 3696 719 3778; x_wconf 71' lang='grc' dir='ltr'><strong><em>κοιμᾶσθαι).</em></strong></span> <span class='ocrx_word' id='word_1_234' title='bbox 764 3694 922 3760; x_wconf 87' lang='lat' dir='ltr'><strong>Alacritas</strong></span> <span class='ocrx_word' id='word_1_235' title='bbox 949 3698 1057 3758; x_wconf 89' lang='lat' dir='ltr'><strong>autem</strong></span> <span class='ocrx_word' id='word_1_236' title='bbox 1086 3691 1173 3756; x_wconf 91' lang='lat' dir='ltr'><strong>canis</strong></span> <span class='ocrx_word' id='word_1_237' title='bbox 1196 3690 1229 3756; x_wconf 93' lang='lat' dir='ltr'><strong>id</strong></span> <span class='ocrx_word' id='word_1_238' title='bbox 1250 3690 1356 3771; x_wconf 90' lang='lat' dir='ltr'><strong>habet,</strong></span> <span class='ocrx_word' id='word_1_239' title='bbox 1383 3696 1421 3754; x_wconf 88' lang='lat' dir='ltr'><strong>ut</strong></span> <span class='ocrx_word' id='word_1_240' title='bbox 1443 3708 1505 3754; x_wconf 89' lang='lat' dir='ltr'><strong>una</strong></span> 
     </span>
    </p>
   </div>
   <div class='ocr_carea' id='block_1_8' title="bbox 184 3802 1505 3888">
    <p class='ocr_par' dir='ltr' id='par_1_12' title="bbox 184 3802 1505 3888">
     <span class='ocr_line' id='line_1_32' title="bbox 184 3802 1505 3888; baseline -0.005 -20"><span class='ocrx_word' id='word_1_241' title='bbox 184 3867 188 3878; x_wconf 76' lang='grc'><strong><em>,</em></strong></span> <span class='ocrx_word' id='word_1_242' title='bbox 319 3809 351 3868; x_wconf 91' lang='lat' dir='ltr'><strong>et</strong></span> <span class='ocrx_word' id='word_1_243' title='bbox 374 3805 510 3870; x_wconf 89' lang='lat' dir='ltr'><strong>dormiat</strong></span> <span class='ocrx_word' id='word_1_244' title='bbox 532 3810 564 3869; x_wconf 90' lang='lat' dir='ltr'><strong>et</strong></span> <span class='ocrx_word' id='word_1_245' title='bbox 586 3824 707 3888; x_wconf 90' lang='lat' dir='ltr'><strong>semper</strong></span> <span class='ocrx_word' id='word_1_246' title='bbox 722 3805 841 3886; x_wconf 85' lang='lat' dir='ltr'><strong>vigilet,</strong></span> <span class='ocrx_word' id='word_1_247' title='bbox 864 3804 919 3885; x_wconf 92' lang='lat' dir='ltr'><strong>qui</strong></span> <span class='ocrx_word' id='word_1_248' title='bbox 942 3807 1037 3884; x_wconf 88' lang='lat' dir='ltr'><strong>caput</strong></span> <span class='ocrx_word' id='word_1_249' title='bbox 1058 3802 1099 3865; x_wconf 88' lang='lat' dir='ltr'><strong>ad</strong></span> <span class='ocrx_word' id='word_1_250' title='bbox 1116 3802 1211 3883; x_wconf 91' lang='lat' dir='ltr'><strong>pedes</strong></span> <span class='ocrx_word' id='word_1_251' title='bbox 1227 3803 1346 3885; x_wconf 89' lang='lat' dir='ltr'><strong>priores</strong></span> <span class='ocrx_word' id='word_1_252' title='bbox 1362 3802 1505 3869; x_wconf 85' lang='lat' dir='ltr'><strong>remittat</strong></span> 
     </span>
    </p>
   </div>
   <div class='ocr_carea' id='block_1_9' title="bbox 319 3912 1516 4430">
    <p class='ocr_par' dir='ltr' id='par_1_13' title="bbox 319 3912 1516 4430">
     <span class='ocr_line' id='line_1_33' title="bbox 320 3912 1505 3997; baseline -0.003 -18"><span class='ocrx_word' id='word_1_253' title='bbox 320 3919 352 3979; x_wconf 92' lang='lat' dir='ltr'><strong>et</strong></span> <span class='ocrx_word' id='word_1_254' title='bbox 374 3934 490 3997; x_wconf 89' lang='lat' dir='ltr'><strong>pronus</strong></span> <span class='ocrx_word' id='word_1_255' title='bbox 512 3917 554 3982; x_wconf 91' lang='lat' dir='ltr'><strong>ad</strong></span> <span class='ocrx_word' id='word_1_256' title='bbox 576 3923 726 3996; x_wconf 88' lang='lat' dir='ltr'><strong>ventrem,</strong></span> <span class='ocrx_word' id='word_1_257' title='bbox 757 3922 793 3980; x_wconf 87' lang='lat' dir='ltr'><strong>ut</strong></span> <span class='ocrx_word' id='word_1_258' title='bbox 819 3913 1046 3997; x_wconf 87' lang='lat' dir='ltr'><strong>quadrupedes,</strong></span> <span class='ocrx_word' id='word_1_259' title='bbox 1074 3913 1184 3995; x_wconf 88' lang='lat' dir='ltr'><strong>iaceat,</strong></span> <span class='ocrx_word' id='word_1_260' title='bbox 1208 3931 1280 3980; x_wconf 87' lang='lat' dir='ltr'><strong>cum</strong></span> <span class='ocrx_word' id='word_1_261' title='bbox 1309 3912 1451 3976; x_wconf 87' lang='lat' dir='ltr'><strong>homines</strong></span> <span class='ocrx_word' id='word_1_262' title='bbox 1472 3912 1505 3976; x_wconf 89' lang='lat' dir='ltr'><strong>in</strong></span> 
     </span>
     <span class='ocr_line' id='line_1_34' title="bbox 320 4023 1506 4108; baseline -0.004 -17"><span class='ocrx_word' id='word_1_263' title='bbox 320 4032 409 4108; x_wconf 91' lang='lat' dir='ltr'><strong>tergo</strong></span> <span class='ocrx_word' id='word_1_264' title='bbox 431 4029 616 4094; x_wconf 85' lang='lat' dir='ltr'><strong>recumbant</strong></span> <span class='ocrx_word' id='word_1_265' title='bbox 637 4033 670 4092; x_wconf 86' lang='lat' dir='ltr'><strong>at</strong></span> <span class='ocrx_word' id='word_1_266' title='bbox 691 4027 756 4092; x_wconf 87' lang='lat' dir='ltr'><strong>altu</strong></span> <span class='ocrx_word' id='word_1_267' title='bbox 784 4043 891 4090; x_wconf 90' lang='lat' dir='ltr'><strong>somno</strong></span> <span class='ocrx_word' id='word_1_268' title='bbox 919 4023 1074 4090; x_wconf 87' lang='lat' dir='ltr'><strong>fruantur.</strong></span> <span class='ocrx_word' id='word_1_269' title='bbox 1123 4024 1329 4105; x_wconf 84' lang='lat' dir='ltr'><strong>Quapropter,</strong></span> <span class='ocrx_word' id='word_1_270' title='bbox 1357 4028 1394 4088; x_wconf 92' lang='lat' dir='ltr'><strong>ut</strong></span> <span class='ocrx_word' id='word_1_271' title='bbox 1420 4023 1506 4088; x_wconf 90' lang='lat' dir='ltr'><strong>canis</strong></span> 
     </span>
     <span class='ocr_line' id='line_1_35' title="bbox 320 4134 1506 4221; baseline -0.003 -20"><span class='ocrx_word' id='word_1_272' title='bbox 320 4137 421 4202; x_wconf 89' lang='lat' dir='ltr'><strong>instar</strong></span> <span class='ocrx_word' id='word_1_273' title='bbox 435 4139 554 4221; x_wconf 86' lang='lat' dir='ltr'><strong>vigilat,</strong></span> <span class='ocrx_word' id='word_1_274' title='bbox 577 4144 682 4206; x_wconf 90' lang='lat' dir='ltr'><strong>custos</strong></span> <span class='ocrx_word' id='word_1_275' title='bbox 705 4138 765 4203; x_wconf 91' lang='lat' dir='ltr'><strong>sibi</strong></span> <span class='ocrx_word' id='word_1_276' title='bbox 786 4155 929 4202; x_wconf 91' lang='lat' dir='ltr'><strong>somnum</strong></span> <span class='ocrx_word' id='word_1_277' title='bbox 952 4135 1137 4218; x_wconf 88' lang='lat' dir='ltr'><strong>capiendum</strong></span> <span class='ocrx_word' id='word_1_278' title='bbox 1152 4153 1220 4199; x_wconf 87' lang='lat' dir='ltr'><strong>esse</strong></span> <span class='ocrx_word' id='word_1_279' title='bbox 1235 4134 1506 4215; x_wconf 86' lang='lat' dir='ltr'><strong>dicitutquadru·</strong></span> 
     </span>
     <span class='ocr_line' id='line_1_36' title="bbox 319 4245 1516 4334; baseline -0.005 -20"><span class='ocrx_word' id='word_1_280' title='bbox 319 4250 392 4332; x_wconf 90' lang='lat' dir='ltr'><strong>pedi</strong></span> <span class='ocrx_word' id='word_1_281' title='bbox 403 4251 452 4314; x_wconf 85' lang='lat' dir='ltr'><strong>vel</strong></span> <span class='ocrx_word' id='word_1_282' title='bbox 465 4252 536 4316; x_wconf 87' lang='lat' dir='ltr'><strong>cani</strong></span> <span class='ocrx_word' id='word_1_283' title='bbox 554 4255 596 4331; x_wconf 86' lang='lat' dir='ltr'><strong>et,</strong></span> <span class='ocrx_word' id='word_1_284' title='bbox 618 4249 768 4334; x_wconf 90' lang='lat' dir='ltr'><strong>quoniam</strong></span> <span class='ocrx_word' id='word_1_285' title='bbox 784 4249 876 4316; x_wconf 91' lang='lat' dir='ltr'><strong>homo</strong></span> <span class='ocrx_word' id='word_1_286' title='bbox 899 4248 950 4329; x_wconf 88' lang='lat' dir='ltr'><strong>sit,</strong></span> <span class='ocrx_word' id='word_1_287' title='bbox 973 4265 1007 4314; x_wconf 89' lang='lat' dir='ltr'><strong>se</strong></span> <span class='ocrx_word' id='word_1_288' title='bbox 1028 4245 1155 4311; x_wconf 91' lang='lat' dir='ltr'><strong>omnino</strong></span> <span class='ocrx_word' id='word_1_289' title='bbox 1176 4264 1283 4314; x_wconf 85' lang='lat' dir='ltr'><strong>somno</strong></span> <span class='ocrx_word' id='word_1_290' title='bbox 1305 4245 1516 4328; x_wconf 82' lang='lat' dir='ltr'><strong>supersedere,</strong></span> 
     </span>
     <span class='ocr_line' id='line_1_37' title="bbox 319 4359 467 4430; baseline -0.014 0"><span class='ocrx_word' id='word_1_291' title='bbox 319 4359 467 4430; x_wconf 84' lang='lat' dir='ltr'><strong>affirmat.</strong></span> 
     </span>
    </p>
   </div>
   <div class='ocr_carea' id='block_1_10' title="bbox 0 0 1607 5048">
    <p class='ocr_par' dir='ltr' id='par_1_14' title="bbox 0 0 1607 5048">
     <span class='ocr_line' id='line_1_38' title="bbox 0 0 1607 5048; baseline 0 0"><span class='ocrx_word' id='word_1_292' title='bbox 0 0 1607 5048; x_wconf 95' lang='lat' dir='ltr'><strong> </strong></span> 
     </span>
    </p>
   </div>
  </div>
 </body>
</html>
