3204 5048
886 377 925 436 14

797 461 1003 480 ἾΛΛΛΛΛΛΛΝ

304 573 472 656 quandam,
489 593 582 656 -quae
604 576 671 642 cius
693 577 777 642 modi
799 577 876 642 vitia
897 581 1061 659 poetarum
1088 576 1181 644 facile
1207 584 1334 645 excusat
1356 585 1389 645 et
1410 581 1502 645 omni

305 691 411 751 aetate
426 688 596 753 excusabit.
629 687 820 771 Quocunque
842 695 948 754 autem
970 689 1133 756 moderes
1156 708 1189 756 se
1211 691 1341 772 habent,
1363 697 1501 774 apparet

304 798 397 862 unius
433 799 508 864 anni
542 799 769 881 speculatorem
799 799 907 866 fictum
935 819 1003 866 1111
1031 820 1094 866 111
1122 801 1226 866 minus
1260 803 1301 867 ab
1330 802 1498 886 Aeschylo,

306 925 401 990 quam
423 909 463 973 ab
486 910 631 976 Homero.

392 1021 487 1102 Ergo,
510 1022 537 1086 si
558 1021 591 1086 id
613 1021 890 1104 approbaverimus
919 1027 1015 1105 atque
1037 1024 1217 1089 universam
1239 1024 1352 1089 seriem
1370 1031 1498 1092 senten-

305 1132 431 1211 tiorum,
455 1150 536 1214 quae
558 1138 607 1197 est
628 1134 661 1198 in
682 1135 849 1216 prooemio,
878 1134 1045 1216 diligenter
1066 1134 1400 1216 comprehenderimus,
1429 1137 1496 1220 fiet,

305 1246 341 1305 ut
371 1243 474 1307 locum
506 1243 664 1325 quendam
699 1245 847 1327 prooemii
878 1251 962 1311 recte
989 1247 1243 1328 interpretemur,
1281 1265 1374 1328 quem
1402 1267 1498 1316 nemo

305 1352 407 1418 adhuc
430 1354 506 1419 satis
529 1355 708 1420 illustravit.
1579 1337 1580 1350 ἵ

391 1463 509 1530 Versus
532 1466 624 1545 enim,
647 1484 725 1546 quos
746 1467 824 1547 dico,
846 1472 922 1534 sunt
944 1471 1090 1532 20—21:

461 1579 523 1642 νῦν
545 1574 575 1641 d’
598 1573 736 1664 εὐτυχὴς
756 1575 874 1662 γένοιτ’
896 1575 1072 1666 ἀπαλλαγῇ
1093 1576 1217 1659 πόνων,

462 1684 639 1770 εὐαγγέλου
663 1694 826 1776 φανέντος
847 1687 1011 1778 ὀρφναίου
1032 1691 1147 1778 πυρός,

306 1814 388 1877 quae
409 1799 505 1864 verba
528 1799 593 1864 lere
616 1801 760 1866 omnibus
782 1801 1041 1884 interpretatione
1061 1822 1125 1868 non
1140 1802 1282 1884 indigere
1296 1801 1495 1867 videbantur.

306 1905 339 1971 Si
361 1914 468 1984 tamen
490 1911 586 1975 verba
606 1912 809 1992 interpretari
831 1913 1010 1992 studebant,
1040 1914 1150 1977 statim
1180 1914 1219 1978 de
1240 1913 1342 1978 verbis
1370 1912 1497 1978 dubita·

306 2023 428 2101 verunt,
451 2025 488 2084 ut
510 2021 698 2086 Karstenius
721 2022 755 2086 in
776 2040 832 2086 suo
855 2025 1085 2090 commentario.
1130 2023 1183 2102 Et,
1206 2025 1267 2088 nisi
1290 2043 1361 2089 cum
1383 2025 1496 2090 ceteris

305 2129 402 2195 verba
417 2132 581 2214 conspicue
603 2133 749 2215 coniungi
770 2139 949 2216 potuerunt,
972 2153 1048 2201 sane
1069 2154 1196 2201 necesse
1217 2134 1278 2200 fuit
1301 2135 1441 2201 dubitari
1462 2140 1496 2200 et

306 2242 408 2324 magis
429 2244 507 2309 mibi
529 2246 676 2327 placeret,
700 2246 727 2310 si
749 2246 862 2326 reliqui
884 2247 977 2313 citius
997 2247 1235 2326 dubitavissent,
1259 2265 1353 2329 quam
1368 2246 1495 2311 omnino

306 2354 487 2421 tacuissent.
1339 2435 1344 2450 ἢ

393 2465 579 2532 Karstenius
601 2467 700 2548 igitur
720 2473 932 2550 percontatur,
954 2469 1036 2550 quod
1051 2467 1223 2532 certissime
1238 2468 1347 2548 quaeri
1362 2473 1493 2550 oportet,

307 2576 436 2656 quade
465 2595 561 2643 causa
586 2579 639 2644 ille
666 2585 780 2660 111111,
810 2581 865 2662 qui
893 2579 1105 2661 nequidquam
1135 2579 1252 2644 multas
1281 2584 1388 2644 noctes
1414 2579 1495 2660 ignis

307 2686 412 2752 lumen
434 2689 675 2771 desideraverat,
698 2690 802 2756 subito
827 2696 880 2772 ,ut
895 2709 978 2756 nunc
993 2691 1052 2756 sibi
1067 2690 1138 2755 finis
1153 2689 1309 2755 malorum
1328 2690 1490 2772 obtinget“

307 2803 416 2881 optare
438 2802 535 2882 possit
557 2802 657 2868 etita
679 2807 775 2884 optet,
803 2808 840 2867 ut
862 2803 967 2868 verbis
989 2803 1055 2868 eius
1076 2803 1147 2868 ilico
1168 2802 1256 2884 ipsae
1276 2799 1421 2866 flammae
1442 2801 1495 2866 ob

308 2916 490 2991 sequantur.
528 2912 607 2978 Cum
628 2913 708 2978 nihil
729 2914 861 2980 baberet
882 2915 1080 2996 Karstenius,
1103 2932 1164 2996 quo
1187 2913 1343 2978 dubitatio
1364 2914 1426 2979 ista
1448 2931 1495 2978 re-
1580 2943 1581 3004 ,

307 3027 493 3104 moveretur,
524 3044 558 3090 se
580 3031 663 3091 recte
685 3026 879 3090 dubitavisse
901 3026 1078 3108 suspicatus
1100 3031 1148 3091 est
1170 3030 1202 3090 11
1223 3026 1321 3092 verba
1343 3030 1494 3106 tanquam
1580 3025 1581 3094 ζ

307 3132 533 3215 interrogantis
557 3136 770 3218 componenda
792 3154 861 3200 1111
882 3136 1016 3218 putavit.

393 3243 619 3312 Verumtamen
642 3247 731 3312 adest
752 3267 790 3313 ea
809 3265 913 3328 causa,
936 3248 969 3312 in
984 3265 1080 3329 quam
1094 3247 1281 3314 Karstemus
1296 3265 1359 3313 non
1374 3246 1493 3328 incidit,

307 3361 350 3437 11,
384 3357 411 3422 11
440 3376 478 3423 11
507 3359 658 3423 memoria
688 3360 873 3440 tenebimus
908 3377 989 3441 quae
1017 3377 1112 3441 supra
1140 3359 1343 3425 commentati
1378 3377 1493 3438 sumus,

308 3468 413 3532 omnia
436 3471 554 3550 patent.
599 3470 727 3534 Etenim
749 3489 808 3552 111,
837 3489 918 3551 quae
945 3470 1033 3535 nobis
1056 3470 1300 3536 considerandae
1320 3474 1422 3550 erunt,
1450 3469 1495 3534 sic

307 3579 454 3645 babebis:

465 3691 604 3760 Custos
627 3713 694 3776 per
716 3694 903 3760 decimum
925 3711 1062 3758 annum
1084 3691 1271 3757 excubias
1294 3691 1384 3773 agit.
1416 3691 1494 3756 Iam

464 3811 593 3871 autem
616 3805 793 3872 decimus
815 3823 937 3870 annus
958 3803 1185 3885 praeteriit,
1208 3804 1390 3886 quoniam
1411 3803 1495 3884 ipse

463 3936 502 3982 se
524 3937 665 3984 annum
687 3917 958 3999 pervigilasse
981 3919 1117 3980 narrat
1139 3919 1179 3980 et
1200 3915 1341 3980 chorus
1363 3931 1494 3979 senum

463 4033 606 4111 postea
628 4029 728 4093 idem
750 4025 991 4109 pronuntiat
1019 4023 1077 4112 (vs.
1102 4024 1167 4110 40).
1214 4024 1381 4091 Calchas
1403 4043 1494 4091 vero

461 4140 590 4205 decem
609 4141 719 4206 annis
739 4137 966 4204 interiectis
988 4137 1195 4203 interitum
1210 4136 1355 4203 Troiae
1377 4154 1493 4201 even-

465 4257 599 4317 turum
622 4271 709 4318 esse
731 4249 997 4335 praedixerat.

394 4361 505 4430 Nonne
527 4382 577 4430 res
599 4364 749 4430 facillima
770 4360 1003 4444 expediuntur?
1032 4357 1188 4424 Nimirum
1210 4377 1371 4442 nunquam
1392 4363 1494 4424 custos
