3204 5048
707 331 746 396 21

625 417 831 434 mm

130 535 302 602 antecessit
317 541 349 601 et
363 536 512 623 λαμπροὶ
527 535 691 602 δυνάσται
712 534 893 602 nominatae
914 542 989 602 sunt
1009 537 1130 620 stellae,
1153 557 1216 604 non
1231 539 1323 606 modo

131 666 196 713 non
217 653 328 729 aptum
351 656 398 714 est
421 649 462 713 ad
484 649 684 729 sententiam,
707 648 762 713 sed
785 667 824 713 ne
845 648 921 714 ferri
943 649 1069 731 quidem
1091 621 1209 732 potest.l

218 760 330 825 Denuo
345 760 442 841 igitur
457 778 580 826 versum
596 759 837 840 consideremus,
857 778 950 841 quern
964 760 1202 843 Valckenarius,
1218 762 1322 828 Blom-

130 868 254 951 fieldus,
277 869 409 936 Weilius
437 871 522 958 (vide
549 870 711 952 ,addenda
733 876 766 936 et
787 871 990 954 corrigenda“
1024 872 1057 937 in
1084 873 1131 938 ed.
1155 873 1320 950 Eumenid.

131 999 184 1063 pg.
210 984 295 1067 125),
323 982 511 1063 Wunderus,
532 983 678 1064 Engerus
700 983 877 1063 repudiant,
906 980 1101 1050 Godoiredus
1123 984 1323 1072 Hermannus

131 1097 164 1158 et
186 1092 439 1160 Schneidewinus
460 1113 562 1180 neque
584 1094 751 1160 emendant
773 1113 874 1176 neque
895 1101 1051 1161 recusam.

210 1204 375 1272 Nimirum
396 1211 501 1271 custos
523 1206 683 1293 ingentem
699 1207 866 1271 stellarum
885 1224 1051 1272 numerum
1066 1207 1205 1272 illustrat
1224 1207 1322 1272 effusa

131 1317 285 1382 contionis
306 1317 508 1382 multitudine
529 1323 562 1382 et
584 1323 680 1398 astra,
703 1336 785 1400 quae
800 1317 922 1399 fulgore
942 1318 1145 1400 praecellunt,
1168 1319 1323 1402 principes

132 1427 289 1510 ducesque
302 1447 371 1494 esse
381 1428 483 1510 fingit,
496 1429 551 1511 qui
564 1448 635 1494 cum
644 1428 748 1494 densis
761 1430 889 1494 illarum
901 1431 1034 1495 catervis
1046 1430 1139 1495 horas
1152 1430 1321 1497 adducunt.

217 1540 261 1605 Et
288 1540 437 1625 λαμπροὶ
464 1539 628 1606 δυνάσται
659 1541 886 1626 ἐμπρέποντας
913 1545 1029 1626 αἰθέρι
1062 1542 1218 1623 principes
1249 1546 1322 1608 sunt

132 1652 343 1733 splendentes,
365 1653 419 1733 qui
441 1651 564 1732 fulgore
585 1651 670 1716 coelo
692 1651 857 1732 imperant,
880 1669 982 1732 neque
1008 1653 1224 1733 „splendentes
1239 1654 1324 1734 prin-

132 1764 225 1846 cipes,
256 1763 366 1845 quiin
388 1763 474 1828 coelo
497 1762 693 1846 splendent“,
724 1762 878 1844 quomodo
900 1763 1038 1828 Keokius
1061 1743 1158 1829 verba
1178 1765 1321 1845 explicet.

132 1873 178 1941 (li.
202 1880 311 1941 autern
334 1873 471 1956 Choeph.
496 1877 576 1940 355:

285 1987 383 2074 φίλος
404 1988 532 2072 φίλοισι
553 1998 623 2063 τοῖς
645 1985 715 2050 ἐκεῖ
734 1987 842 2062 καλῶς
863 1987 1032 2052 θανοῦσιν

286 2099 372 2163 κατὰ
394 2098 521 2180 χθονὸς
543 2098 725 2184 ἐμπρέπων

287 2209 481 2294 σεμνότιμος
503 2207 654 2292 ἀνάκτωρ
677 2226 735 2288 sq,

131 2320 186 2386 ubi
208 2320 368 2385 simillime
390 2321 576 2408 ἐμπρέπων
598 2324 770 2400 usurpatur
791 2320 830 2385 de
852 2319 1017 2401 splendore
1038 2319 1172 2403 imperii.

217 2432 313 2498 Porro
340 2417 449 2499 contisi
475 2433 639 2500 stellarum
666 2432 862 2514 potissimum
889 2450 946 2513 per
967 2431 1133 2514 principes,
1161 2452 1181 2498 a
1210 2433 1324 2516 quibus

132 2542 285 2630 educitur,
309 2545 497 2626 explanatur
512 2545 552 2610 ab
568 2543 732 2625 Aeschylo,
754 2543 911 2626 principes
927 2544 1130 2610 nominantur
1147 2546 1323 2628 praecipue,
1372 2538 1377 2546 '

132 2653 215 2734 quod
238 2653 300 2720 illis
322 2656 491 2737 imperant,
519 2661 551 2721 et
582 2656 718 2721 alterum
748 2655 847 2720 altero
874 2660 1018 2736 augetur.
1062 2655 1195 2720 Mutatis
1217 2661 1324 2721 autem
1445 2683 1452 2702 ·

132 2765 226 2830 rebus
260 2765 417 2832 Homerus
449 2767 608 2848 principes
641 2773 803 2848 comparat
834 2786 905 2832 cum
938 2766 1049 2846 stelhs
1086 2785 1167 2849 quae
1200 2772 1326 2848 praeter

132 2882 253 2943 ceteras
275 2875 408 2958 fulgent.
455 2876 502 2942 ef.
526 2877 563 2944 Il.
588 2900 604 2942 ε
626 2897 671 2943 vs,
696 2882 791 2960 4-8,
814 2903 835 2961 χ
856 2897 900 2943 vs.
925 2881 1063 2944 26-32.

217 2988 266 3052 De
288 2989 408 3069 origine
430 2994 538 3054 autem
561 2989 656 3054 huius
679 2975 874 3055 emblematis
900 2990 1057 3072 permulta
1082 3009 1120 3056 ac
1145 2990 1234 3054 varia
1262 2991 1324 3056 dis-

132 3105 244 3181 putata
267 3106 351 3182 sunt,
383 3119 516 3183 quorum
538 3101 677 3184 quidque
698 3101 832 3167 fortasse
854 3107 975 3168 rectum
997 3107 1053 3183 est,
1081 3106 1224 3168 attamen
1244 3101 1325 3166 nihil

133 3219 216 3278 certe
249 3213 493 3278 demonstretur.
551 3211 669 3290 Quodsi
703 3214 857 3279 emblema
883 3212 1018 3298 leliquod
1046 3213 1158 3279 exoriri
1186 3213 1325 3295 potuisse

132 3324 334 3406 ostendimus
358 3328 396 3389 ut
415 3324 533 3407 opinor,
556 3324 634 3388 satis
656 3324 762 3405 idest,
785 3325 933 3407 quoniam
954 3326 1173 3390 necessitatem
1193 3325 1324 3405 originis

131 3436 183 3500 vix
214 3455 355 3517 unquam
387 3440 571 3516 statuemus,
604 3453 676 3500 cum
706 3437 891 3517 praesertim
924 3437 1033 3502 variae
1061 3437 1168 3502 adsint
1200 3455 1323 3518 causae,

133 3565 266 3628 quarum
296 3567 372 3612 num
404 3547 512 3628 aliqua
539 3566 602 3611 una
638 3566 676 3612 ex
704 3548 849 3613 omnibus
880 3549 1043 3629 probanda
1070 3548 1121 3628 sit,
1157 3548 1322 3612 nescimus.

132 3657 236 3736 Quare
257 3660 285 3724 si
307 3660 459 3740 originem
481 3659 694 3740 disquirimus
727 3659 806 3724 nihil
828 3660 1033 3741 declaramus,
1055 3659 1118 3724 nisi
1140 3659 1324 3742 interpolari

132 3771 251 3852 ahquid
285 3770 425 3854 potuisse
457 3789 558 3854 neque
593 3770 820 3854 interpolatum
851 3790 919 3837 esse
949 3771 1241 3838 demonstravimus.
1286 3770 1324 3834 Id

131 3887 239 3948 tamen
260 3882 504 3964 comprobarem,
528 3879 673 3971 α’στέρας
698 3883 738 3948 ad
753 3881 927 3970 λαμπροὺς
942 3881 1110 3958 δυνάστας
1131 3882 1324 3964 adscriptum

131 3991 246 4074 fuissc3
268 3995 307 4062 de
329 3994 442 4060 ceteris
459 3999 565 4059 autem
581 3995 708 4076 maiore,
731 4014 828 4078 quam
850 3995 913 4077 alii,
935 3994 1165 4061 verisimilitate
1179 3993 1324 4073 Eugerus

132 4111 372 4190 argumentatus
395 4087 467 4172 esse
486 4106 611 4172 videtur
633 4108 667 4172 in
690 4126 779 4173 novv.
801 4125 871 4172 ann.
896 4106 983 4188 phill.
1007 4111 1082 4170 tom.
1104 4103 1200 4170 LXX.

218 4219 325 4302 Ipsam
347 4218 481 4300 denique
503 4219 694 4284 sententiam
717 4223 829 4300 poetae
851 4237 944 4284 versu
967 4223 985 4284 7
1014 4216 1199 4298 interrumpi
1222 4216 1323 4298 magis

132 4331 317 4412 videbimus,
335 4329 372 4394 ¹si
394 4330 509 4396 iterum
530 4330 738 4414 contemplati
761 4331 886 4412 erimus,
917 4349 998 4412 quae
1020 4328 1245 4410 disceptatione
1270 4327 1325 4394 ab
